2970 4712
271 354 340 424 366
695 357 733 424 T.
761 358 897 426 LIVll

270 481 302 528 ad
320 479 381 526 Livii
395 479 437 526 lib.
455 480 524 534 LVI,
545 489 569 523 et
590 477 621 523 ad
643 477 751 526 deditum
771 479 926 526 Numantinis
948 483 1104 528 Mancinum:
1125 499 1181 529 nam
1198 487 1227 531 P.
1247 487 1330 534 Furius

178 561 181 566 ’
269 563 353 611 Philus
366 561 465 618 consul,
481 561 522 622 qui
536 560 675 623 Hispaniam
689 561 824 628 citeriorem
847 573 931 610 nactus
949 565 1089 611 Mancinum
1111 565 1238 614 dediturus
1262 581 1326 626 erat,

271 650 302 710 Q.
316 646 458 710 Pompeium
471 645 540 705 etQ.
554 643 680 692 Metellum
699 643 789 707 legatos
802 649 882 694 secutis
896 645 955 694 illue
972 647 1007 694 ire
1021 645 1116 710 coegit3
1134 648 1183 696 vid.
1192 650 1248 697 Val.
1263 653 1328 700 Max.

270 735 319 789 111,
330 746 354 790 7,
363 730 379 794 S
389 728 412 776 5.
426 728 554 790 Pompeius
566 737 647 776 antem
659 728 826 790 quinquennio
838 739 893 776 ante
907 729 993 777 consul
1006 730 1113 778 mmdem
1123 733 1274 797 provinciam
1286 733 1329 780 ob·

270 816 389 871 tinuerit,
406 823 445 869 et,
464 827 490 857 re
501 810 562 858 male
575 821 658 874 gesta,
671 826 755 873 pacem
769 827 824 857 cnm
840 811 995 860 Numantinis
1012 813 1111 872 inierat,
1134 830 1207 876 quarn
1220 827 1302 877 posta
1315 833 1329 862 a

271 913 296 944 se
309 897 394 942 initam
407 909 458 941 esse
472 894 583 956 negavit3
597 891 648 942 vid.
664 893 771 956 Appian.
787 895 858 956 Hisp.
877 909 910 956 79
923 911 960 958 sq.
970 907 993 942 et
1004 897 1057 946 Cic.
1074 896 1104 943 de
1119 897 1172 946 liin.
1181 900 1221 955 ΙΙ,
1240 915 1279 957 ιγ.
1292 900 1328 948 Ne

269 982 352 1043 igitur,
370 995 427 1025 cum
440 977 513 1026 Furio
526 991 576 1024 cos.
589 976 683 1039 legatus
693 979 720 1022 in.
732 979 874 1040 Hispaniam
888 980 1024 1041 profectus,
1039 981 1149 1028 Mancini
1161 982 1279 1030 deditioni
1291 985 1328 1030 in-

270 1075 355 1111 teresse
368 1061 479 1116 deberet,
492 1072 528 1117 et,
542 1060 668 1123 presentia
687 1076 730 1107 sua
746 1076 845 1124 nuperae
858 1061 949 1108 fraudis
963 1078 991 1109 ac
1008 1061 1117 1126 perfidia,
1132 1067 1245 1112 memoria
1260 1081 1327 1114 revo-

269 1158 336 1205 cata,
350 1145 443 1194 animos
452 1144 657 1193 Nmnantinornm
667 1144 785 1201 irritaret,
794 1143 906 1195 morbum
917 1161 1030 1198 meamne
1041 1147 1129 1212 putuit.

653 1296 803 1364 LIBRI
833 1297 936 1364 XCI.

316 1454 449 1518 Tamen
463 1445 665 1540 insequenti
683 1445 760 1540 ipso
776 1444 1007 1540 pervigilante
1021 1446 1149 1517 eodem
1167 1448 1247 1519 loco
1262 1450 1327 1520 alia

268 1560 417 1630 excitata
443 1556 550 1624 turris
574 1555 688 1650 prima
706 1552 785 1622 luce
807 1554 980 1624 miraculo
999 1554 1162 1627 hostibus
1182 1558 1266 1644 luit,
1284 1561 1326 1627 si-

269 1668 345 1738 mul
365 1681 400 1737 et
419 1663 545 1762 oppidi
562 1665 689 1746 turris,
709 1686 789 1758 quae
805 1663 997 1732 maximum
1017 1667 1325 1762 propugnaculum

269 1777 405 1860 fuerat,
437 1771 595 1843 subrutis
623 1769 887 1853 fundamentis,
915 1771 1098 1844 dehiscere
1122 1775 1327 1871 ingentibus

268 1889 385 1972 rimis,
416 1898 452 1953 et
479 1898 519 1953 tu
546 1938 553 1952 .
584 1936 592 1950 .
622 1937 629 1951 .
657 1935 665 1952 .
687 1883 747 1976 jus
775 1934 781 1950 .
812 1935 819 1949 .
841 1905 904 1952 um
930 1883 1005 1978 igni
1034 1886 1172 1981 coepit:
1204 1886 1326 1956 incen-

269 1999 391 2093 diique
414 1993 521 2064 simul
543 2009 579 2064 et
600 1993 712 2062 ruinae
734 2007 833 2062 metu
856 1992 968 2062 territi
988 1991 1264 2064 Contrebienses
1282 1994 1324 2064 de

269 2131 374 2176 muro
393 2102 522 2199 trepidi
541 2100 766 2198 effugerunt3
792 2115 828 2170 et
850 2115 890 2170 ut
911 2099 1016 2195 legati
1037 2103 1264 2172 mitterentur
1282 2103 1323 2172 ad

268 2213 467 2288 dedendam
495 2210 644 2295 urbem,
671 2208 715 2280 ab
740 2211 907 2280 universa
932 2205 1161 2280 multitudine
1185 2211 1324 2280 concla-

267 2342 403 2397 matum
421 2338 484 2393 est.
508 2321 639 2392 Eadem
658 2323 786 2404 virtus,
811 2345 888 2415 quae
906 2321 1083 2392 irritantes
1101 2337 1325 2418 oppugnave

267 2452 322 2507 rat
334 2453 350 2521 ‚‘
361 2435 533 2503 victorem
553 2429 819 2527 placabiliorem
842 2428 935 2500 fecit.
959 2429 1154 2500 Obsidibus
1176 2433 1324 2528 acceptis

267 2545 428 2645 pecuniae
455 2540 632 2611 modicam
658 2541 773 2636 exegit
793 2562 988 2625 summam,
1012 2563 1180 2636 armaque
1207 2541 1324 2610 omnia

267 2655 418 2739 ademit3
435 2649 631 2747 transfugas
647 2647 780 2720 liberos
798 2650 896 2718 vivos
915 2647 960 2718 ad
976 2673 1013 2718 se
1031 2647 1161 2722 adduci
1171 2652 1275 2744 jussit
1290 2666 1325 2721 et

266 2765 453 2862 fugitivos,
476 2784 633 2856 quornm
652 2760 767 2853 major
785 2759 978 2830 multitudo
999 2775 1083 2831 erat.
1103 2762 1194 2856 Ipsis
1210 2763 1324 2858 impe-

265 2878 373 2960 ravit,
391 2889 432 2943 ut
449 2869 700 2942 interficerent.
717 2868 902 2965 iugulatos
921 2869 966 2939 de
982 2894 1088 2942 muro
1105 2868 1322 2963 dejecerunt.

267 2991 358 3058 Cum
377 3005 506 3078 magna
521 2981 657 3074 jactura
682 2977 834 3048 militurn
859 2994 1014 3074 quatuor
1037 2992 1073 3050 et
1091 2977 1324 3076 quadraginta

266 3093 393 3174 diebus
422 3086 615 3160 Contrebia
643 3101 863 3183 expugnata,
894 3089 1089 3183 relictoque
1115 3087 1165 3158 ibi
1192 3092 1231 3157 L.
1261 3095 1323 3158 Ju-

266 3205 383 3275 steio.
409 3256 415 3270 .
441 3198 484 3269 ad
508 3195 682 3266 Hiberum
707 3195 841 3265 flumen
867 3198 987 3293 copias
1010 3197 1168 3270 adduxit.
1191 3196 1247 3271 Ibi
1268 3197 1323 3266 hi·

264 3307 468 3387 bernaculis
485 3304 683 3377 secundum
699 3304 891 3402 oppidum,
909 3305 1009 3402 quod
1026 3309 1149 3378 Castra
1163 3306 1250 3376 AElia
1264 3331 1325 3376 vo-

266 3438 377 3504 catur,
404 3414 604 3512 aedificatis,
634 3415 709 3510 ipse
736 3415 773 3482 in
804 3416 926 3486 castris
955 3413 1140 3499 manebat;
1167 3415 1324 3489 interdiu

265 3541 482 3602 conventum
514 3525 689 3594 sociarum
720 3523 915 3592 civitatium
948 3526 985 3593 in
1019 3525 1154 3622 oppido
1184 3525 1324 3622 agebat.

265 3646 371 3710 Arma
392 3650 432 3705 ut
456 3631 584 3703 fierent
605 3657 673 3728 pro
692 3633 804 3728 copiis
816 3632 998 3728 ‘cujusque
1016 3634 1160 3731 populi,
1185 3659 1250 3730 per
1268 3651 1325 3705 to-

265 3767 337 3820 tam
352 3743 574 3844 provinciam
589 3739 759 3812 edixerat.
775 3739 916 3829 Quibus
931 3743 1099 3838 inspectis
1114 3741 1248 3814 referre
1264 3769 1325 3816 αιτ-

266 3877 341 3930 tera
365 3879 463 3928 arma
488 3853 616 3930 milites
636 3852 761 3944 jussit,
786 3875 866 3946 quae
891 3867 953 3922 aut
978 3851 1166 3928 itineribus
1191 3849 1327 3926 crebris

265 3984 327 4040 aut
359 3991 458 4062 oppu
492 4019 498 4031 .
526 4018 533 4030 .
563 4017 568 4029 .
597 3961 614 4030 s
638 4017 644 4029 .
673 4015 680 4030 .
711 4015 718 4026 .
753 3986 797 4029 an
834 4014 1188 4031 ...........
1226 3963 1325 4030 tione

264 4078 375 4158 inita,
395 4099 444 4168 qu
472 4127 478 4140 .
506 4071 541 4142 di
566 4125 573 4140 .
601 4070 682 4140 culo
702 4069 795 4143 effici
813 4071 933 4164 possit.
