2984 4706
250 381 317 452 232
681 381 719 445 r.
751 381 882 447 mvn
1033 419 1036 434 -
1164 359 1283 463 32:333:

246 518 323 570 rem
344 503 503 572 mutavit.
526 502 661 570 Armati
683 523 809 570 omnes
828 516 863 570 et
884 498 1030 570 frenatis
1049 503 1152 596 equis
1170 502 1312 598 equites

248 609 344 680 diem
354 624 471 680 totum
482 608 699 707 perstabant.
711 609 753 680 Id
762 635 876 705 quum
887 611 1015 681 aestivis
1023 609 1312 697 diebus‚urente

248 721 390 793 assiduo
415 720 510 807 sole,
537 719 659 806 fieret,
686 735 741 791 tot
765 720 937 791 horarum
962 735 1050 790 aestu
1076 736 1112 792 ct
1136 721 1312 817 languore

246 834 344 930 ipsos
363 853 550 928 equosque
569 828 681 902 fessos
697 831 826 928 integri
844 855 937 929 saepe
957 831 1074 901 adorti
1096 830 1236 917 hostes,
1253 831 1312 901 vei

247 944 353 1042 petrei
365 942 488 1040 plures
502 939 689 1011 vexabant.
707 944 834 1037 Itaque
848 963 892 1011 ex
909 942 1084 1012 matutina
1096 941 1248 1010 statione
1265 940 1312 1010 ad
1372 973 1378 988 ¹

247 1053 434 1124 meridiem
443 1050 585 1134 decedi,
599 1053 681 1122 etin
691 1050 1007 1149 postmeridianam
1018 1049 1209 1122 succedere
1223 1051 1313 1120 ulios

246 1165 372 1260 jussit:
395 1165 443 1233 ita
471 1183 659 1258 nunquam
684 1159 851 1259 fatigatos
875 1183 1001 1232 recens
1028 1159 1143 1232 hostis
1167 1161 1312 1259 aggredi

248 1282 401 1373 poterit.

293 1388 453 1456 XXXIV.
478 1387 560 1453 Haec
578 1405 692 1478 quum
713 1383 761 1452 ita
778 1381 857 1453 fieri
873 1383 1034 1481 placere,
1057 1383 1232 1454 concione
1250 1381 1312 1451 ad-

248 1509 392 1582 vocata,
411 1495 694 1592 pronuntiasset,
718 1493 849 1588 adJ'ecit
872 1492 1020 1566 urbanae
1041 1494 1207 1572 concioni
1228 1517 1311 1562 con·

248 1609 452 1678 venientem
471 1606 669 1676 orationem
682 1615 705 1673 ¹.
736 1609 855 1674 Unum
879 1611 1131 1702 imperatorem
1152 1610 1190 1673 in
1208 1627 1311 1674 exer·

249 1716 517 1814 citaprovidere
530 1732 566 1785 et
578 1714 777 1802 consulere,
797 1716 888 1812 qaid
898 1716 1080 1810 agendm
1091 1723 1149 1800 sit,
1162 1713 1308 1800 debere,

248 1849 345 1896 nune
357 1848 428 1922 per
441 1849 494 1908 se,
515 1849 611 1896 nane
632 1850 713 1895 cum
731 1831 793 1911 iis,
814 1849 904 1922 quos
923 1823 1148 1896 advocaverit
1165 1832 1203 1895 iri
1224 1849 1311 1896 con-

248 1933 392 2004 siliam:
416 1939 483 2030 qai
507 1957 580 2004 non
607 1940 679 2005 sint
701 1936 885 2022 advocati,
912 1959 973 2006 eos
990 1960 1055 2007 nee
1072 1936 1222 2034 palam,
1247 1961 1312 2006 nee

140 2093 145 2104 „
247 2061 381 2116 secreto
393 2047 539 2140 jactare
561 2041 711 2115 consilia
726 2071 803 2116 sua.
826 2045 980 2117 Militem
1000 2047 1081 2118 haec
1098 2052 1169 2117 tria
1186 2069 1313 2117 curare

249 2155 394 2242 debere,
422 2179 551 2252 corpas
575 2171 750 2251 utquam
773 2155 1035 2227 validissimam
1058 2172 1094 2227 et
1112 2161 1313 2254 pernicissi-

158 2316 178 2342 ,-
252 2292 351 2337 mam
373 2266 526 2352 habeat,
547 2289 652 2335 arma
672 2268 1105 2366 apta‚,cibamparatam
1126 2268 1180 2338 ad
1196 2267 1313 2338 subita

251 2383 427 2476 imperia:
446 2392 575 2446 coetera
593 2381 682 2446 scire
702 2377 748 2448 de
764 2402 803 2448 se
823 2379 891 2449 diis
908 2375 1172 2448 immortalibus
1191 2392 1228 2446 et
1247 2381 1312 2444 im.-

243 2491 412 2585 peratori
429 2503 495 2556 sao
518 2510 616 2556 carce
640 2508 722 2556 esse.
750 2494 795 2558 In
814 2513 887 2586 qao
908 2495 1066 2560 exercitu
1085 2487 1212 2557 milites
1232 2509 1312 2556 eon·

251 2591 386 2681 sulani,
401 2602 600 2693 imperator
615 2595 818 2669 rumoribus
831 2599 935 2694 vulgi
949 2605 1217 2694 circumagatur
1223 2606 1249 2681 ²,
1265 2595 1315 2664 ibi

287 2775 347 2822 Car.
355 2775 476 2821 XXXIV.
487 2789 509 2820 1.
519 2772 619 2838 Atil'ecit
628 2774 682 2821 urb.
693 2790 760 2820 cone.
806 2785 875 2822 cocta
888 2775 915 2821 in
929 2784 1021 2821 certum
1033 2771 1128 2820 dierum
1136 2788 1264 2819 numerum
1273 2771 1313 2816 ha·

175 2869 177 2882 ¹
252 2867 350 2900 convert.
370 2852 524 2907 orationemr
542 2851 762 2915 quemadmodum,
805 2851 1097 2911 beaut3Crev.Animam
1106 2849 1238 2916 procidam
1247 2865 1314 2913 repo

253 2932 761 2996 enim,observatDoeriug.‚AEmiliuasu-
805 2934 855 2981 uuit
873 2935 957 2998 Sigon.
974 2935 1032 2982 Non
1053 2933 1101 2980 nisi
1124 2931 1174 2979 duo
1194 2939 1314 2978 memorat

252 3027 297 3076 pro
309 3023 382 3076 caput
396 3025 427 3058 aa
438 2997 480 3072 ,in
490 3011 602 3059 orutIone
615 3011 647 3059 ad
660 3003 761 3060 concio·
804 3011 962 3074 Plutarchus,
978 3011 1058 3060 AEmil.
1069 3029 1095 3076 p.
1108 3013 1157 3058 261
1170 3021 1248 3068 extr„
1261 3024 1313 3056 eor·

254 3105 310 3138 nem
321 3090 422 3138 inUrbe
434 3088 517 3139 hahita
531 3091 705 3149 declaraverat,
720 3093 759 3138 ni·
804 3107 851 3156 pus
862 3102 887 3139 et
896 3107 971 3138 arma.

253 3169 289 3216 hil
298 3170 374 3232 magis
382 3169 455 3216 reb'us
466 3169 578 3232 gerendis
587 3171 762 3234 impedimento
841 3185 866 3219 a.
878 3173 910 3218 In
927 3187 975 3235 quo
995 3169 1104 3218 exercita
1121 3169 1209 3218 milites
1228 3185 1314 3216 consar-

255 3263 306 3296 essc
328 3263 400 3310 quarn
420 3248 503 3312 inepta
521 3249 600 3296 mudia
616 3251 761 3309 hominum,
806 3250 873 3308 lant,
886 3250 1019 3314 imperator
1032 3249 1168 3298 rumoribus
1179 3247 1250 3314 vuigi
1260 3246 1315 3311 (mi-

197 3341 205 3357 ·
255 3325 457 3390 quirchus‚quae
466 3338 534 3375 extra
545 3328 629 3376 urbem
641 3339 761 3393 gerantur,
804 3329 886 3395 litum)
904 3330 1102 3393 circumagatur.-
1117 3345 1173 3376 nam
1190 3344 1263 3391 snpra
1282 3327 1315 3374 di-

249 3416 306 3452 sere
317 3405 482 3464 immisceant,
491 3418 615 3471 vanosque
627 3408 660 3456 de
673 3409 706 3456 iis
721 3425 762 3457 ru·
806 3420 886 3465 xerat,
900 3423 974 3455 unum
988 3408 1157 3472 imperatorem
1170 3405 1196 3454 in
1207 3406 1315 3454 exercita

255 3499 334 3531 mores
343 3484 370 3530 in
376 3483 472 3531 circulis
481 3493 505 3532 ct
514 3487 634 3534 conviviis
641 3499 762 3552 spargant,
802 3487 930 3552 providere
939 3497 964 3534 et
977 3487 1114 3543 consulere,
1128 3486 1191 3550 quid
1197 3486 1318 3551 agerem

255 3565 289 3611 ita
297 3563 324 3612 in
333 3563 378 3610 hac
388 3563 498 3611 oratiam
508 3567 619 3630 precipit
630 3568 764 3629 militibus,
806 3565 851 3623 sit,
868 3566 967 3624 debere,
982 3577 1028 3614 etr..
1046 3567 1111 3613 Hinc
1123 3568 1159 3614 ite
1177 3581 1272 3630 semper
1284 3565 1317 3612 le·

257 3653 284 3690 ut
301 3659 327 3691 ac
342 3653 407 3691 totos
425 3644 468 3690 uni
483 3642 622 3708 imperatori
644 3648 764 3710 regendos
808 3644 914 3709 gendum
927 3661 977 3693 esse
988 3646 1072 3709 putavi
1085 3661 1132 3709 pro
1145 3646 1214 3709 vulg.
1231 3645 1256 3691 in
1270 3659 1317 3707 quo

257 3723 364 3780 tradant,
374 3738 420 3770 uec
433 3722 463 3771 eh
475 3721 576 3771 aliorum
586 3724 661 3774 dietis
673 3726 712 3774 vel
724 3743 765 3775 ru·
810 3725 917 3773 exercitu
933 3726 1020 3773 milites
1027 3760 1036 3783 ,
1051 3726 1137 3772 consui
1151 3736 1176 3772 ct
1187 3725 1319 3790 imperator

257 3802 366 3850 moribus
383 3818 409 3850 re
425 3802 557 3866 circumagi
573 3806 705 3867 patiantur.
720 3807 766 3853 En.
812 3820 832 3854 r.
842 3821 869 3854 n.
879 3821 900 3853 c.
912 3807 980 3870 quod
989 3807 1025 3855 sie
1034 3806 1176 3863 emendavi,
1189 3815 1318 3870 postquam

257 3907 292 3915 -
300 3884 401 3928 lactare
411 3882 515 3930 consilia
530 3897 576 3929 sua
583 3917 592 3940 ,
604 3884 657 3931 acii.
669 3884 765 3932 debere·
812 3885 877 3944 vidi,
887 3887 965 3941 idem,
977 3885 1015 3933 vei
1024 3885 1091 3933 miles
1100 3885 1227 3941 comatae,
1239 3883 1320 3942 conje-

258 3961 329 4008 Coni.
343 3960 374 4008 ad
385 3965 436 4020 111,
448 3976 494 4019 10,
505 3979 530 4010 n.
543 3979 569 4010 a.
581 3991 615 4000 --
625 3963 710 4010 Cibum
716 3979 765 4028 pa·
809 3963 870 4012 cisse
879 3967 933 4014 Jac.
945 3966 1020 4013 Petis.
1032 3965 1232 4028 idquevprobasse
1246 3963 1319 4021 Duk,

257 4049 338 4086 ratum
350 4040 387 4087 ad
398 4040 478 4088 subita
491 4041 612 4105 imperia:
624 4059 688 4108 saepe
701 4043 765 4091 mitt-
809 4043 879 4092 Crev.
887 4057 911 4093 et
920 4045 994 4093 Drak.
1004 4047 1034 4091 In
1041 4061 1089 4108 qao
1099 4044 1207 4091 exercitu
1217 4043 1317 4090 miiitum

257 4117 322 4166 tibus
339 4119 445 4167 romanis
459 4121 617 4184 imperatum,
634 4132 662 4170 ut
675 4121 765 4170 cibaria
808 4121 969 4192 (rumoribus)
979 4123 1074 4181 consui,
1089 4101 1262 4188 eqdnperator,
1273 4132 1317 4170 etc.
