2982 4702
262 367 327 450 aa
686 371 724 436 r.
758 369 895 468 mvn
1178 352 1304 458 tata:

255 489 316 558 riti
334 491 477 572 Patres,
499 512 546 558 ne
562 513 643 584 quaa
658 489 775 585 major
791 490 991 589 ignominia
1008 493 1251 590 acciperetur,
1275 499 1328 572 le·

255 613 358 696 gatos
374 598 409 666 in
427 597 699 690 Macedoniam,
716 606 765 672 M.
781 593 946 674 Fulvium
961 600 1126 676 Flaccum
1142 620 1179 678 ct
1190 610 1240 678 Μ.
1257 613 1327 680 Ca·

255 709 398 778 ninium
416 705 605 798 Rebilum,
618 711 814 800 miserunt,
835 713 900 810 qui
919 728 1126 814 comperta,
1144 741 1226 813 quae
1244 743 1325 816 age-

253 833 393 907 rentur,
411 817 608 907 relerrent3
629 831 690 890 et²
711 836 753 892 ut
775 825 817 892 A.
838 822 1010 894 Hostilius
1031 827 1159 897 consul
1178 831 1325 902 comitia

253 929 465 1001 consulibus
478 929 719 1027 subrogandis
734 933 783 1002 ita
798 932 971 1024 ediceret,
992 938 1047 1008 uti
1061 962 1186 1011 mense
1198 944 1324 1014 lanua·

252 1042 308 1111 rio
327 1043 470 1112 comitia
490 1039 617 1113 haberi
635 1057 804 1139 possent,
824 1057 860 1114 et
877 1059 919 1115 ut
932 1047 1052 1142 primo
1065 1073 1215 1146 quoquc
1229 1026 1322 1124 tem-

250 1176 340 1249 pore
369 1153 406 1222 in
434 1151 573 1223 Urbem
599 1150 744 1222 rediret.
772 1154 926 1225 ¹Interim
952 1160 1002 1226 M.
1031 1159 1151 1229 Raecio
1176 1165 1322 1258 praetori

227 1307 228 1311 =
250 1263 480 1346 mandatum,
502 1277 544 1333 ut
564 1261 684 1333 edicto
707 1277 890 1336 senatores
910 1289 1038 1338 omnes
1059 1291 1103 1338 ex
1124 1282 1201 1339 tota
1221 1271 1322 1342 Italia

249 1368 343 1469 (nisi
363 1375 427 1471 qui
447 1370 655 1470 reipublicae
677 1395 785 1443 causa
804 1372 990 1472 abessent)
1008 1381 1161 1448 Romam
1175 1403 1320 1452 revoca·

247 1500 312 1555 ret.
337 1484 411 1576 Qui
432 1487 555 1554 Romae
580 1497 721 1570 essent,
740 1501 787 1554 ne
809 1485 892 1580 quis
913 1485 1008 1557 ultra
1027 1486 1127 1558 mille
1146 1513 1319 1587 passuum

247 1593 293 1666 ab
308 1600 423 1666 Roma
435 1593 578 1665 abesset
588 1589 614 1664 3.
630 1599 697 1682 Ea,
711 1596 766 1664 uti
780 1610 926 1666 senatus
941 1599 1100 1686 censuit,
1114 1613 1200 1670 sunt
1213 1597 1316 1672 facia.

245 1707 398 1777 Comitia
418 1705 620 1779 consularia
642 1719 725 1776 ante
750 1704 848 1776 diem
872 1708 1045 1804 quintum
1065 1708 1317 1784 calendasco-

245 1803 461 1915 ptembresl
490 1813 603 1886 fuere.
633 1817 753 1887 Grati
778 1817 948 1888 consules
976 1834 1060 1890 sunt
1086 1821 1132 1909 Q.
1159 1824 1316 1893 Marcius

241 1929 430 2025 Philippus
452 1928 585 1998 iterum
607 1940 643 1997 et
666 1929 733 1997 Cn.
757 1926 927 1998 Servilius
950 1920 1083 2026 Caepio.
1109 1932 1194 2000 Post
1219 1929 1316 2002 diem

244 2038 391 2108 tertium
406 2050 579 2134 praetores
600 2050 684 2108 sunt
700 2034 785 2107 facti
803 2038 842 2106 C.
858 2037 1060 2122 Decimius,
1078 2041 1128 2109 M.
1144 2038 1315 2123 Claudius

242 2147 454 2235 Marcellus,
473 2153 511 2218 C.
534 2146 713 2245 Sulpicius
738 2147 886 2236 Gallus,
910 2152 950 2220 C.
973 2150 1130 2221 Marcius
1149 2150 1313 2248 Figulus,

241 2264 316 2332 Ser.
333 2256 525 2331 Cornelius
537 2256 732 2346 Lentulus,
748 2261 784 2328 P.
800 2258 973 2329 Fonteius
991 2259 1130 2356 Capito.
1146 2261 1314 2358 Designa-

241 2373 285 2442 tis
307 2368 542 2468 praetoribus,
566 2381 697 2466 praeter
724 2367 813 2438 duas
839 2363 1018 2455 urbanas,
1046 2383 1206 2464 quatuor
1225 2394 1313 2468 pro·

237 2469 364 2552 vinciae
381 2494 467 2552 sunt
484 2477 651 2568 decretae,
665 2479 837 2578 Hispania
855 2493 892 2550 et
909 2479 1072 2551 Sardinia
1091 2493 1133 2551 et¹
1145 2479 1262 2552 Sicilia
1275 2494 1312 2552 et

238 2591 369 2664 classis.
384 2590 509 2688 Legati
523 2614 569 2660 ex
581 2585 815 2677 Macedonia,
833 2603 959 2660 exacto
974 2587 1173 2660 admodum
1186 2614 1312 2662 meuse

238 2702 459 2789 Februari0,
482 2699 669 2771 redierunt
679 2695 703 2770 ⁵.
732 2701 799 2789 Hi,
824 2724 914 2797 quas
938 2723 996 2770 res
1021 2724 1062 2770 ea
1087 2712 1209 2773 aestate
1230 2724 1311 2799 pro

237 2838 341 2913 spere
362 2813 527 2911 gessisset
549 2805 615 2882 reri
638 2814 806 2899 Perseus,
827 2807 1056 2896 referebant}
1078 2824 1310 2908 quantusque

235 2926 347 2996 timor
369 2923 485 2994 socios
503 2921 633 3019 populi
653 2923 794 2992 romani
819 2921 992 3020 cepisset,
1020 2934 1075 2992 tot
1097 2919 1251 2992 urbibus
1270 2922 1309 2992 in

234 3141 290 3188 quoe
306 3123 388 3188 major
404 3122 422 3170 i.
428 3145 436 3181 ‚1
456 3122 519 3169 sorte
539 3137 604 3185 qua,
625 3121 703 3170 Perit.
722 3133 747 3171 et
790 3120 1180 3182 anntaterivtdeturtoltenda;
1196 3123 1306 3172 Gronov.

234 3202 308 3252 Drak.
318 3230 353 3240 -
363 3187 389 3250 Si
401 3201 455 3249 ltv.
468 3200 566 3265 scripsit
580 3217 648 3266 quor,
664 3202 747 3250 obser·
828 3202 852 3250 3.
862 3200 951 3249 Edicto
962 3213 1086 3249 senatores
1098 3217 1219 3250 omnen..
1236 3201 1305 3250 abes·

230 3293 272 3331 vat
285 3281 417 3344 nearing,
428 3291 487 3344 post
496 3295 527 3326 ne
536 3289 561 3328 et
570 3279 652 3345 major
660 3279 746 3328 distin·
790 3292 826 3328 set
832 3298 842 3338 ,·
852 3281 919 3328 conf.
931 3279 964 3328 ad
975 3281 1103 3338 xxxvl,
1114 3281 1143 3340 3,
1154 3297 1180 3328 ιι.
1194 3296 1216 3328 ι.

231 3359 282 3409 ctio
293 3359 408 3424 ponenda
417 3358 566 3417 videtur‚ut
577 3347 664 3407 siuns
678 3359 745 3407 acci·
826 3369 850 3417 4.
875 3362 940 3407 Ante
954 3360 1019 3408 diem
1034 3355 1251 3422 V(videadV1‚
1276 3377 1304 3422 1,

225 3449 328 3504 peretur
346 3436 496 3502 ignominia,
513 3454 569 3502 quar
588 3438 669 3504 major
682 3449 744 3486 esset
788 3455 813 3486 u.
834 3436 866 3503 9)
887 3438 939 3487 cal.
957 3423 1040 3504 Sept„
1058 3439 1134 3487 immo
1156 3437 1211 3488 cat.
1234 3435 1302 3488 febr.

231 3519 395 3583 accepta-Er.
518 3550 520 3554 ,
787 3527 891 3582 propter
900 3518 975 3566 verba
981 3517 1223 3580 ,n.aerdlaudata.
1233 3513 1302 3567 idem

265 3614 290 3646 ι.
317 3595 447 3653 Miserum,
464 3594 507 3659 qui
527 3601 665 3660 comperta,
688 3611 744 3660 quoe
784 3597 834 3658 jam
844 3597 1303 3663 monuerePigh.etGronMalevul-

229 3687 375 3744 agerentur,
397 3665 534 3740 referrent,
552 3686 577 3723 et
601 3675 743 3724 mandatum
787 3687 871 3742 garum
880 3675 1303 3743 servatnodwell.decycttsntns,

227 3758 377 3821 perferrent,
398 3765 426 3802 ut
442 3757 473 3802 Α.
494 3754 628 3813 Hostilius,
644 3755 685 3803 vel
701 3767 740 3812 et,
786 3771 852 3820 pag..
864 3761 916 3820 494
936 3768 961 3806 et
981 3757 1041 3820 509.
1061 3786 1096 3795 -
1115 3756 1237 3806 Calendas
1257 3756 1302 3803 re-

227 3853 262 3884 sc.
278 3837 371 3900 legatos
392 3833 513 3882 miserunt
531 3849 586 3881 enm
607 3835 635 3881 in
649 3831 743 3895 linem,
786 3833 1044 3886 brueriasintextum
1054 3837 1176 3900 Doering.
1194 3835 1302 3900 recepit,

227 3927 270 3972 ut,
284 3925 331 3962 etc.
343 3913 492 3961 —Comitia
505 3913 642 3961 consulibus
657 3913 741 3962 subro-
786 3930 862 3977 quum
880 3915 954 3976 hujus
966 3916 1015 3964 loci
1035 3916 1062 3963 iu
1077 3932 1104 3963 rc
1120 3915 1248 3979 apertasit
1266 3913 1301 3960 vi-

222 3993 313 4058 gaudis
325 3991 393 4058 (vide
401 3991 433 4038 ad
446 3995 484 4051 11,
497 3994 524 4048 8.
536 4009 562 4040 ιι.
573 3992 605 4058 4)
615 3992 651 4040 ita
663 3992 741 4040 edice·
785 3993 857 4043 rium
866 3995 912 4042 En.
946 4034 948 4040 .

194 4113 200 4120 ,,
226 4071 456 4130 annumeratio
471 4071 571 4120 comitia
588 4071 674 4120 haberi
683 4089 740 4136 pos·
820 4073 845 4121 5.
862 4073 950 4138 Legati
971 4090 1004 4120 ex
1026 4071 1189 4131 Macedonia,
1210 4075 1299 4122 exacto

208 4176 210 4182 v
225 4163 286 4202 sent.
292 4152 351 4199 Vox
364 4147 463 4197 c'omr'ria
468 4183 477 4207 ,
491 4167 546 4213 quae
557 4141 596 4198 bis
609 4151 692 4216 posita
704 4161 740 4199 est
785 4151 918 4201 admodum
925 4167 1004 4200 masc
1013 4149 1298 4210 Febr.,redicrunt;vid.

760 4344 767 4372 (
