2982 4702
250 350 316 434 164
580 322 584 329 ’
669 349 708 422 r·
741 347 882 413 nvn
1161 327 1287 430 atat:

244 485 393 542 vertute
423 470 636 540 Stratiorum
664 470 703 536 in
733 490 851 536 arcem
880 489 945 562 per
974 464 1127 562 presidii
1154 470 1314 564 speciem

246 582 391 652 amovit.
414 584 581 664 Perseus,
599 576 645 647 ab
663 574 937 646 imminentibus
954 577 1130 672 superiori
1145 580 1239 674 parti
1253 603 1315 648 ur-

246 691 302 762 bis
327 690 475 762 tumulis
495 688 642 759 tentatis
665 686 874 782 colloquiis,
898 710 1014 781 quum
1040 683 1240 756 obstinatos
1266 704 1316 758 at·

246 823 320 896 que
339 799 443 869 etiam
461 798 542 868 telis
561 796 689 894 procul
705 810 869 866 arcentes
886 793 1040 881 videret,
1059 797 1222 894 quinque
1237 799 1316 868 mil·

246 909 292 978 lia
308 931 478 1005 passuum
497 906 543 977 ab
561 904 653 978 urbe
673 921 770 975 trans
794 906 984 975 Petitarum
1002 909 1172 976 amnem4
1189 910 1315 1003 posuit

247 1033 370 1089 castra.
392 1018 447 1088 lbi
467 1017 617 1088 consilio
636 1016 831 1100 advocato,
847 1038 961 1110 quum
979 1014 1215 1086 Archidamus
1229 1020 1315 1113 Epi·

246 1143 481 1225 rotarumque
499 1125 691 1224 transfugae
715 1126 934 1210 retinerent,
951 1123 1193 1196 Macedonum
1214 1127 1314 1222 prin-

245 1241 342 1336 cipes
356 1263 430 1308 non
444 1235 681 1338 pugnandum
695 1259 778 1308 cum
795 1231 926 1306 infesto
945 1249 1108 1330 tempore
1124 1237 1210 1306 anni
1226 1261 1313 1308 cen·

245 1364 387 1438 serent,
416 1348 526 1419 nullis
549 1346 754 1444 praeparatis
782 1340 1060 1429 commeatibus,
1089 1369 1203 1440 quum
1233 1345 1315 1417 ino·

244 1461 341 1557 piam
367 1461 468 1557 prius
495 1455 703 1529 obsidentes
722 1478 831 1551 quam
853 1453 991 1525 obsessi
1013 1457 1152 1526 sensuri
1171 1471 1315 1543 essent,

245 1573 400 1642 maxime
432 1568 532 1668 quod
565 1567 724 1638 hostium
756 1564 854 1636 haud
884 1564 1011 1662 procul
1042 1566 1128 1638 inde
1160 1564 1316 1638 hiberna

246 1695 368 1766 erant3
383 1680 529 1750 territus
541 1679 579 1747 in
593 1673 846 1774 Aperantiam⁵
866 1687 980 1746 castra
995 1676 1119 1748 movit.
1131 1679 1317 1774 Aperantii

246 1813 347 1874 eum,
362 1801 513 1885 propter
527 1785 732 1858 Archidami
747 1807 914 1882 magnam
930 1785 1024 1856 inea
1038 1800 1146 1882 gente
1162 1788 1315 1883 gratiam

246 1900 590 1993 auctoritatemque,
616 1921 796 1990 consensu
825 1895 988 1966 omnium
1016 1911 1232 1995 acceperunt
1252 1924 1260 1966 :
1284 1899 1315 1970 is

246 2011 322 2105 ipse
335 2031 419 2078 cum
434 2007 724 2103 octingentorum
741 2005 896 2076 militum
911 2005 1078 2102 praesidio
1090 2005 1147 2077 his
1164 2021 1216 2078 est
1232 2031 1317 2104 prae

247 2118 398 2215 positus.
883 2182 886 2194 .

291 2231 423 2297 XXIII,
459 2231 534 2296 Rex
568 2249 649 2296 cum
666 2227 820 2295 ,minore
853 2227 1041 2296 vexatione
1062 2228 1313 2322 jumentorum

225 2325 550 2432 ‘hominumquess
581 2359 690 2432 quam
715 2349 884 2419 venerat,
912 2338 950 2406 in
980 2335 1227 2408 Macedoniam
1256 2362 1313 2407 re-

248 2449 324 2518 diit.
358 2448 516 2545 Appium
551 2461 671 2517 tamen
702 2445 748 2517 ab
781 2445 969 2518 obsidione
1012 2446 1181 2518 Phanotis
1221 2447 1315 2520 fama

158 2639 161 2645 ‚
248 2557 411 2629 ducentis
434 2556 481 2628 ¹ad
511 2560 670 2626 Stratum
693 2556 812 2627 Persei
837 2555 1029 2628 submovit.
1054 2556 1201 2644 Clevas,
1228 2583 1314 2628 cum

248 2667 413 2766 praesidio
429 2669 665 2765 impigrorum
682 2667 857 2762 juvenum
879 2668 1114 2762 insequutus,
1136 2667 1204 2740 sub
1226 2668 1315 2740 radi·

249 2774 351 2846 cibus
380 2799 496 2874 prope
524 2775 628 2846 inviis
654 2776 832 2848 montium
864 2773 909 2846 ad
931 2776 1029 2853 mille
1053 2777 1244 2850 hominum
1269 2805 1314 2850 ex

248 2887 389 2981 agmine
408 2884 581 2982 impedito
601 2883 742 2973 occidit,
758 2885 804 2954 ad
822 2885 998 2956 ducentos
1017 2889 1121 2985 cepit.
1140 2891 1312 2987 Appius²,

285 3157 309 3205 A.
320 3149 454 3196 Petitarum
467 3163 563 3196 arment
569 3165 580 3204 ,·
594 3147 644 3196 rid.
656 3148 757 3196 Palmer.
803 3149 938 3196 vexatione
944 3150 968 3214 j.
978 3148 1016 3206 lt,
1030 3151 1105 3199 immo
1118 3154 1171 3200 Rex
1182 3169 1230 3200 non
1239 3155 1314 3202 mino·

232 3230 327 3276 'Graec
349 3229 408 3276 Ant.
428 3228 477 3284 111,
503 3228 543 3284 13,
565 3242 622 3291 pag.
646 3236 704 3284 tar,
723 3255 758 3264 -
803 3245 843 3285 re,
862 3229 1006 3277 Fremebat
1019 3232 1096 3278 Gron.
1111 3215 1198 3279 Malim
1212 3235 1246 3280 sic
1259 3249 1311 3280 cnm

250 3304 355 3355 Consilio
370 3305 508 3361 advocato,·
522 3304 572 3352 vid.
589 3307 616 3362 1,
635 3306 668 3362 54
678 3323 718 3364 ‚n.
736 3323 757 3363 1,
802 3322 850 3352 non
865 3306 957 3354 minore
970 3325 997 3356 ν.
1014 3320 1041 3357 ut
1053 3326 1075 3359 c.
1087 3326 1133 3369 21,
1148 3319 1197 3368 tl„
1207 3328 1232 3360 n.
1243 3313 1270 3370 5,
1289 3325 1313 3360 et

248 3396 274 3432 et
284 3386 325 3440 Χ,
338 3399 378 3444 17,
388 3400 413 3430 n.
430 3398 498 3429 1.-
510 3382 666 3448 Epirotarum
679 3395 759 3430 trans·
802 3384 833 3432 al.
842 3385 886 3432 sed
897 3386 980 3449 potuit
994 3387 1064 3435 etiam
1079 3391 1180 3438 Perseus
1195 3391 1222 3437 in
1233 3391 1311 3442 reditu

245 3462 325 3528 fiegoe,
342 3479 438 3518 eorum,
452 3461 495 3524 qui
518 3471 586 3509 erant
603 3479 635 3510 ex
653 3463 758 3510 frodone
801 3464 937 3511 minoribus
950 3466 1112 3515 incommodis
1128 3481 1229 3517 vexatus
1247 3487 1311 3528 esse,

248 3541 349 3606 Cephali
359 3540 425 3606 (vide
438 3539 469 3588 ad
483 3555 537 3604 cap.
556 3539 613 3602 1⁸),
624 3541 666 3603 qui
680 3552 757 3588 nans-
801 3542 841 3588 vel
856 3543 923 3604 quod
936 3545 994 3591 anni
1012 3558 1140 3611 tempestas
1155 3548 1310 3608 clementior,

241 3621 314 3688 sugo
326 3631 458 3681 vocantur,
472 3619 528 3682 quia
541 3619 571 3666 ab
585 3621 701 3690 Romanis
715 3621 757 3666 de·
802 3620 840 3667 vel
852 3621 920 3684 quod
931 3623 1011 3686 regio,
1022 3626 1047 3672 in
1061 3641 1133 3689 quam
1144 3627 1248 3687 rediret,
1262 3645 1312 3676 non

247 3701 369 3749 fecerunt:
378 3699 426 3747 nisi
434 3699 484 3762 leg.
496 3699 633 3746 AEtolorum
640 3717 650 3755 ,·
661 3699 757 3746 Crerer.
801 3699 863 3746 adeo
875 3717 974 3766 aspera,
987 3704 1026 3750 vel
1040 3705 1107 3766 quod
1118 3705 1164 3752 riae
1175 3705 1256 3754 minua
1266 3706 1311 3754 dif-

248 3781 322 3828 Conf.
335 3795 360 3827 n.
374 3779 398 3826 3.
802 3777 879 3827 iiciles
891 3793 981 3840 essent3
996 3782 1120 3830 Drakenb.
1133 3811 1164 3820 -
1177 3784 1296 3834 Phanotis
1301 3805 1311 3844 ,·

285 3859 309 3907 5.
323 3861 353 3904 In
367 3853 549 3921 Aperantiam
564 3854 614 3902 vid.
629 3857 755 3914 XXXV1;
803 3857 858 3904 vide
873 3859 904 3905 ad
922 3876 976 3924 cap.
994 3877 1042 3918 ar,
1061 3879 1086 3910 ιι,
1100 3879 1124 3910 a.
1134 3889 1169 3898 —
1179 3865 1294 3914 Ducentis
1302 3883 1312 3920 ,·

250 3938 292 3998 33,
301 3953 328 3984 n.
339 3935 612 4011 2.-Apernntii,forte
622 3933 757 3998 Aperanti,
803 3936 859 3985 vide
870 3938 902 3986 ad
912 3941 935 3996 1,
947 3941 989 3987 23.

250 4028 276 4063 ut
291 4015 358 4080 apud
376 4013 461 4078 Steph.
474 4011 622 4083 Απιραντιὶ,
636 4012 757 4061 Drakenb.
839 4031 862 4064 a.
874 4017 968 4081 Appius
989 4019 1107 4081 superatis
1122 4023 1239 4088 angustiis
1248 4021 1313 4088 (vide

285 4094 455 4145 Grnxxlll.
470 4109 494 4142 ι.
518 4093 644 4139 Herceum
668 4092 760 4138 minore
803 4094 835 4142 ad
846 4097 1035 4157 xxx11,5‚n.
1047 4098 1122 4163 6)‚tn
1133 4117 1220 4165 campo
1232 4103 1311 4167 Epiri,
