2976 4712
678 333 928 402 EPITOMAE

568 575 800 646 ΕΡΙΤΟΜΕ
830 573 970 642 LIBRI
1001 574 1050 642 ll.

326 749 456 862 Brutus
475 764 713 866 jurejurando
733 764 913 862 populum
937 761 1142 854 adstrinxit,
1162 764 1345 836 neminem

276 906 424 981 regnare
442 885 563 952 Romae
580 899 758 974 passuros.
768 873 1002 969 Tarquinium
1018 871 1257 961 Collatinum,
1272 874 1345 946 col-

277 994 392 1092 legam
415 1014 541 1073 suum,
566 999 716 1084 propter
733 980 950 1082 ¹affinitatem
973 981 1254 1076 Tarquiniorum
1283 1007 1344 1054 su-

277 1096 606 1201 spectum‚.coegit
637 1092 827 1166 consulatu
855 1116 892 1163 se
921 1089 1108 1178 abdicare,
1136 1107 1174 1168 et
1202 1093 1345 1164 civitate

277 1211 417 1283 cedere.
438 1213 539 1278 Boua
559 1208 683 1302 regum
704 1200 811 1298 diripi
828 1201 959 1296 jussit:
980 1225 1107 1298 agrum
1129 1203 1236 1272 Marti
1257 1226 1344 1273 con·

278 1319 449 1404 secrevit,
471 1316 536 1413 qui
562 1317 719 1409 Campus
743 1312 893 1382 Martius
922 1310 1134 1382 nominatus
1154 1326 1219 1383 est.
1247 1312 1344 1384 Ado·

277 1432 450 1504 lescentes
471 1423 631 1512 nobiles,
653 1424 691 1491 in
716 1419 851 1517 quibus
871 1445 956 1496 suos
979 1445 1129 1519 quoque
1153 1437 1189 1492 et
1210 1425 1345 1494 sororis

277 1541 371 1612 filios
383 1550 410 1624 ¹,
426 1538 511 1634 quia
528 1533 806 1628 conjuraverant
823 1529 875 1638 de,
885 1532 1098 1628 recipiendis
1111 1530 1281 1630 regibus,
1295 1559 1346 1605 se-

277 1653 355 1724 curi
371 1646 559 1746 percussit.
580 1649 691 1714 Servo
709 1641 839 1729 indici,
855 1643 914 1711 cui
927 1640 1094 1713 Vindicio
1108 1666 1244 1712 nomen
1258 1641 1345 1727 fuit,

277 1761 481 1833 libertatem
508 1755 636 1825 dedit:
665 1778 710 1824 ex
732 1753 834 1848 cujus
857 1753 1006 1824 nomine
1029 1752 1188 1824 vindicta
1208 1768 1261 1824 est
1283 1779 1347 1852 ap-

278 1869 418 1970 pellata.
439 1870 561 1956 Quum
580 1861 751 1934 adversus
763 1887 886 1960 reges,
905 1863 989 1959 qui,
1007 1865 1200 1934 contractis
1213 1864 1346 1936 Veien-

278 1981 369 2053 tium
396 1990 431 2046 et
457 1973 772 2071 Tarquiniensium
799 1973 936 2069 copiis,
968 1971 1107 2044 bellum
1130 1972 1345 2060 intulerant,

278 2088 474 2162 exercitum
488 2083 667 2170 duxisset,
681 2084 719 2152 in
733 2081 808 2153 acie
821 2107 904 2154 cum
917 2087 1071 2171 Aruute,
1084 2081 1160 2155 filio
1175 2083 1344 2181 Superbi,

279 2210 527 2273 commortuus
544 2209 617 2281 est;
638 2215 796 2288 eumque
817 2207 987 2264 matronae
1008 2217 1147 2264 annum
1164 2194 1344 2266 luxerunt.

279 2312 315 2378 P.
331 2304 493 2378 Valerius
507 2301 634 2375 consul
647 2300 763 2398 legem
777 2299 822 2371 de
838 2303 1096 2398 provocatione
1109 2303 1155 2374 ad
1168 2304 1344 2402 populum

279 2418 372 2490 tulit.
399 2412 616 2510 Capitolium
635 2408 841 2480 dedicatum
865 2426 928 2482 est.
954 2415 1129 2497 Porsena,
1150 2436 1214 2483 rex
1233 2413 1345 2484 Clusi·

280 2549 432 2610 norum,
450 2522 548 2594 bello
562 2546 629 2619 pro
643 2521 846 2617 Tarquiniis
860 2522 1045 2620 suscepto,
1064 2547 1180 2618 quum
1194 2522 1240 2594 ad
1252 2526 1345 2595 lani·

280 2638 404 2712 culum
417 2634 592 2716 venisset,
609 2655 654 2702 ne
670 2627 829 2702 Tiberim
847 2633 1034 2720 transiret,
1051 2633 1185 2704 virtute
1201 2633 1346 2704 Coclitis

280 2746 418 2821 Horatii
430 2741 634 2843 prohibitus
644 2754 713 2827 est;
727 2741 810 2837 qui,
824 2740 913 2812 dum
923 2742 982 2812 alii
992 2757 1143 2838 pontem
1156 2741 1344 2815 sublicium

280 2854 512 2941 rescindunt,
527 2852 624 2923 solus
637 2857 808 2922 Etruscos
824 2853 1013 2940 sustinuit3
1026 2867 1079 2942 et,
1094 2868 1205 2952 ponte
1220 2870 1344 2951 rupto,

269 2980 436 3064 ,armatus
451 2987 488 3034 se
507 2964 545 3032 in
562 2961 698 3032 flumen
719 2961 834 3049 misit,
848 2977 885 3034 et
905 2960 952 3032 ad
970 2986 1054 3034 suos
1072 2965 1234 3035 tranavit.
1254 2963 1345 3035 Alte

315 3151 383 3200 Em.
393 3150 426 3198 ΙΙ.
443 3165 465 3197 1.
474 3147 534 3195 Suos
545 3161 641 3211 quoque
660 3157 685 3194 et
703 3146 792 3194 sororr's
836 3147 909 3198 keub.
928 3149 1073 3213 suspicatur,
1086 3166 1099 3196 e
1114 3150 1171 3198 cod.
1184 3151 1258 3200 Voss.
1275 3167 1300 3210 1,
1309 3152 1344 3199 le·

277 3232 344 3299 filios
358 3245 390 3278 ex
407 3227 502 3277 emend.
518 3226 603 3289 Sigon.
620 3237 666 3289 pro
684 3226 752 3290 vulg,
768 3236 794 3273 et
837 3227 943 3291 gendum
962 3243 1014 3276 esse
1027 3244 1083 3275 suos
1100 3243 1197 3292 quoque
1210 3227 1307 3292 fratres
1323 3241 1345 3276 er

273 3309 365 3376 framis
379 3307 458 3375 filios.
479 3307 572 3354 Neutra
590 3303 672 3354 tectio
687 3305 792 3352 aliorum
828 3305 916 3373 filios,
931 3318 956 3355 et
967 3305 1063 3372 fratres
1080 3307 1129 3354 dici
1146 3308 1231 3356 intres
1249 3308 1345 3366 morie,

281 3389 428 3452 scriptomm
438 3384 582 3432 auctoritate
591 3381 712 3442 firmatur,
723 3394 747 3431 et
756 3383 793 3431 Si·
836 3387 878 3449 qui
892 3386 1013 3450 singulam
1029 3402 1120 3434 nomen
1135 3386 1202 3450 epud
1221 3388 1343 3436 Romanos

281 3476 345 3531 gom
354 3479 481 3530 perperam
500 3474 620 3528 provocet
632 3459 663 3509 ad
677 3463 729 3510 Liv.
744 3463 789 3522 w,
833 3465 1035 3526 nonhabuerint3
1045 3464 1268 3529 vid.1sidor.0rlg.
1278 3466 1342 3524 x‚8.

283 3545 382 3608 15‚ubi
395 3543 445 3592 vid.
458 3557 483 3592 n.
498 3543 522 3590 3.
534 3541 638 3604 Aquillii
646 3540 789 3605 Vitellilqus
833 3544 1021 3592 -Eaeereimm
1039 3542 1161 3599 duxisset,
1177 3543 1203 3590 ie
1218 3543 1272 3590 acie
1290 3557 1342 3590 cure

279 3640 312 3674 ex
323 3621 449 3674 sororibus
460 3619 618 3679 duabumel
628 3621 675 3668 soli
686 3619 790 3684 Aquillu
833 3625 943 3680 Arrunte,
966 3633 1014 3673 ete.
1037 3620 1181 3670 Exercitum
1206 3620 1342 3670 deduoeisset

280 3718 312 3751 ex
327 3717 411 3750 sorore
424 3697 551 3763 Tarquinii
566 3699 682 3770 Collatini
700 3714 788 3746 corisu-
817 3761 819 3766 Ι
832 3701 906 3749 Voss.
924 3717 962 3766 pr.
979 3712 1004 3749 et
1019 3703 1089 3764 Berg.
1104 3700 1248 3748 Exemimm
1262 3699 1342 3746 madu-

279 3781 326 3838 lie,
334 3794 385 3828 nou
397 3775 540 3841 Bruti,nati
549 3789 625 3827 erent.
635 3777 701 3825 Illud
714 3775 789 3826 tradit
832 3779 909 3828 risset
918 3779 942 3828 in
954 3780 1033 3828 aciem
1043 3776 1136 3827 Boend.
1150 3779 1175 3826 in
1185 3777 1263 3826 aciem
1272 3777 1340 3826 etiem

279 3859 345 3908 Plus.
358 3858 487 3924 inPopllc.
499 3873 555 3924 pag·
567 3855 788 3923 98,hooDiouys.
831 3858 923 3914 hebent
946 3858 1094 3922 antiquiores
1116 3857 1185 3908 editi.
1207 3858 1287 3916 Melo,
1309 3857 1341 3904 sit

243 3967 245 3972 ·
278 3937 324 3984 lib.
343 3939 456 4001 [Ἆρες.
479 3938 539 3996 281,
557 3938 617 3986 283.
633 3936 788 3985 Vitelliorum
832 3938 1043 4000 Drakvulgumm
1053 3935 1340 3997 manutenementum

279 4030 338 4062 vero
350 4030 421 4062 soror
432 4016 501 4063 Bruti
511 4031 575 4062 uxor
588 4015 678 4064 dieitur
688 4015 741 4063 Liv.
754 4017 788 4074 H,
831 4017 858 4064 in
876 4017 927 4064 acie
945 4016 1076 4065 cecidisse:
1095 4027 1124 4064 ut
1142 4015 1224 4064 Livius
1244 4030 1340 4080 quoque

280 4099 309 4150 43
323 4092 386 4140 Plut.
403 4103 428 4139 et
445 4091 548 4155 Dionys.
567 4094 592 4140 ll.
607 4094 634 4141 ll.
648 4087 712 4141 Hin'c
726 4095 788 4142 Dm·
832 4106 913 4143 mmet
927 4111 988 4144 mox
1000 4111 1052 4160 esp.
1069 4095 1094 4144 6.
1109 4095 1154 4142 Eu.
