2972 4720
220 390 280 490 izi:
294 387 343 500 3331
485 409 637 477 urana
667 409 786 478 xcn.
814 410 920 478 car.
948 410 975 476 1.
1234 407 1254 481 5

232 547 298 586 cum
311 526 426 594 modica
436 547 523 596 manu
536 529 573 587 ad
587 529 697 590 Philam
712 531 829 604 relicto,
845 530 875 588 in
891 529 1106 604 Macedoniam,
1123 545 1152 592 et
1166 537 1256 610 Cotys

231 622 269 680 ad
278 641 331 680 sua
342 620 449 688 tuenda
461 622 492 679 in
504 621 656 684 Thraciam
670 622 754 681 redit.
772 624 896 695 Consul,
916 622 1031 684 auxiliis
1045 623 1105 681 fere
1121 623 1256 682 omnibus

231 714 367 784 dimissis,
382 727 494 792 partem
508 715 650 774 exercitus
663 715 693 774 in
705 714 828 782 hiberna
840 733 893 793 per
903 714 1080 774 Thessaliam
1091 713 1261 798 distribuit,

230 825 295 864 cum
311 793 398 884 parte*
407 808 549 878 Pteleum,
565 813 696 868 Antroua
710 821 739 866 et
750 808 891 866 Larissam
905 821 1067 886 expugnat,
1085 800 1131 882 et,
1153 809 1256 868 a'Phe-

229 895 313 957 banis
324 897 489 970 arcessitus,
503 897 534 956 in
547 899 685 966 Boeotiam
693 899 898 978 proficiscitur.

192 1131 219 1197 Ι.
245 1077 307 1196 L.
329 1133 531 1202 Postumius
546 1131 722 1220 Anninus,
743 1135 791 1201 Μ.
808 1129 980 1228 Popillius
999 1121 1119 1202 Laenas
1139 1157 1252 1228 quum

191 1238 354 1316 omnium
368 1241 527 1336 primum
549 1239 600 1311 de·
612 1242 804 1338 provinciis
826 1241 1115 1340 exercitibusque
1139 1243 1184 1314 ad
1199 1243 1254 1314 se-

190 1363 316 1428 natum
339 1349 567 1436 retulissent,
592 1347 740 1448 Ligures
763 1353 910 1448 utrique
932 1349 1067 1422 decreti
1087 1365 1190 1440 sunt3
1213 1365 1255 1422 ut

190 1469 322 1562 novas¹
342 1458 469 1544 ambo,
485 1458 618 1558 quibus
634 1485 713 1532 eam
726 1455 949 1559 provinciam
964 1447 1192 1548 obtinerent,
1210 1461 1256 1532 le-

187 1569 315 1665 giones
334 1568 456 1665 (binae
478 1571 627 1666 singulis
645 1569 838 1664 decretae),
860 1585 896 1647 et
914 1571 1053 1648 socium
1072 1570 1173 1641 latini
1190 1595 1255 1640 no-

190 1679 298 1749 minis
323 1679 416 1750 dena
440 1678 550 1752 millia
576 1680 740 1779 peditum
766 1695 802 1752 et
829 1705 1004 1758 sescenos
1031 1683 1191 1786 equites,
1219 1695 1255 1752 et

112 1799 114 1802 ’
190 1789 482 1886 supplementum
507 1791 711 1890 Hispaniae²
736 1793 803 1862 tria
821 1790 933 1861 millia
951 1789 1115 1887 peditum
1134 1815 1253 1861 roma-

189 1921 319 1967 norum
339 1898 538 1971 scriberent
560 1915 597 1972 et
619 1899 795 1971 ducentos
818 1903 968 1999 equites.
990 1899 1045 1970 Ad
1063 1899 1133 1970 hoc
1155 1899 1254 1971 mille

190 2019 226 2076 et
249 2008 437 2104 quingenti
457 2009 596 2106 pedites
624 2013 766 2083 romani
792 2035 873 2081 cum
902 2024 1048 2081 centum
1072 2009 1254 2106 equitibus

189 2115 297 2190 scribi
311 2117 416 2212 jussi,
435 2144 518 2192 cum
536 2118 670 2215 quibus
689 2115 831 2216 praetor,
851 2121 911 2190 cui
929 2119 1090 2190 Sardinia
1106 2118 1254 2216 obtigis-

189 2239 262 2313 set,
280 2227 512 2298 inCorsicam
527 2242 766 2326 transgressus
779 2227 917 2300 bellum
933 2240 1091 2324 gererct3
1110 2229 1254 2298 interim

188 2339 237 2405 M.
254 2337 395 2426 Atilius,
411 2353 513 2409 vetus
531 2353 675 2436 praetor,
694 2339 915 2436 provinciam
935 2337 1116 2409 obtineret
1134 2337 1254 2409 Sardi-

189 2447 296 2517 niam.
318 2450 488 2519 Praetores
504 2447 636 2519 deinde
655 2449 854 2543 provincias
872 2448 989 2518 sortiti
1006 2461 1108 2531 sunt,
1124 2448 1163 2517 A.
1178 2449 1254 2519 Ati-

189 2555 257 2628 lius
273 2561 445 2628 Serranus
462 2557 658 2646 urbanam,
677 2563 716 2630 C.
737 2557 884 2628 Cluvius
901 2557 1031 2628 Saxula
1048 2557 1144 2627 inter
1160 2559 1255 2627 cives

188 2681 226 2738 et
238 2668 465 2765 peregrinos,
479 2673 522 2739 N.
539 2667 670 2739 Fabius
683 2672 798 2738 Buteo
812 2667 1019 2764 Hispaniam
1034 2666 1253 2754 citeriorem,

188 2780 236 2847 Μ.
259 2779 438 2849 Matienus
467 2777 701 2866 ulteriorem,
726 2780 774 2847 M.
803 2779 931 2848 Furius
958 2777 1140 2872 Crassipes
1166 2776 1254 2846 Sici-

187 2883 293 2972 liam,
309 2889 347 2956 C.
364 2887 541 2958 Cicereius
561 2886 770 2958 Sardiniam.
789 2887 889 2956 Prius
906 2909 1016 2981 quarn
1031 2887 1255 2982 magistratus

188 2993 518 3094 proficiscerentur,
538 2997 678 3069 senatui
695 2995 852 3094 placuit,
871 2999 910 3064 L.
930 2996 1156 3064 Postumium
1176 3019 1255 3064 con·

189 3105 304 3177 sulem
333 3105 377 3176 ad
400 3129 526 3204 agrum
549 3105 739 3203 publicum
757 3130 777 3174 a
799 3099 965 3200 privato³
985 3100 1254 3172 terminandum

188 3217 227 3286 in
245 3217 475 3315 Campaniam
489 3218 561 3303 ire;
582 3215 686 3310 cujus
704 3216 886 3312 ingentem
905 3211 1055 3284 modum
1072 3211 1256 3310 possidere

188 3327 364 3424 privatos,
384 3327 557 3425 paulatim
577 3323 797 3423 proferendo
815 3322 923 3409 fines,
942 3320 1141 3392 constabat.
1167 3323 1252 3408 Hic,

188 3437 300 3507 iratus
315 3437 561 3523 Praenestinis,
582 3434 702 3532 quod,
722 3457 834 3530 quum
853 3457 897 3504 eo
916 3432 1075 3529 privatus
1091 3428 1253 3501 sacrificii

224 3677 281 3726 Car.
291 3679 311 3725 l.
331 3691 354 3724 r.
375 3677 474 3742 Ligures
492 3677 588 3742 utrique
610 3677 701 3746 decreti
742 3677 785 3741 qni
796 3686 933 3740 propraetor
945 3691 1011 3723 anno
1022 3672 1144 3737 superiori
1159 3673 1253 3730 luerat3

188 3768 262 3814 sunt,·
271 3769 299 3804 ut
310 3774 385 3806 novas
392 3792 400 3816 ,
415 3769 463 3805 etc.
478 3759 540 3806 sorte
552 3759 600 3822 leg.
608 3769 632 3805 et
644 3755 698 3821 (sc.
741 3758 837 3803 Ernest.

190 3836 313 3883 decretum
325 3837 380 3904 est)
390 3847 419 3882 ut
431 3853 518 3892 novas,
529 3847 575 3884 etc.
779 3836 801 3882 3.
813 3833 856 3880 Ad
876 3849 964 3898 agriam
980 3830 1106 3894 publicum
1124 3843 1141 3874 a
1154 3828 1253 3892 privato

226 3913 453 3978 a.Snpplementnm
473 3913 617 3978 Hispanioe;
636 3914 699 3962 solet
743 3908 1049 3966 terminandum,terminis
1056 3906 1253 3970 disjungendum.

188 3992 249 4040 elias
267 3990 348 4040 dicere
366 3993 391 4040 in
408 3992 574 4057 Hispaniam:
590 3993 656 4041 unde
670 3990 698 4043 ei
743 4017 778 4029 -
796 3991 874 4052 Quum
888 4005 916 4035 eo
929 3987 939 4050 (
950 3985 1087 4048 Praeneste)
1098 3985 1247 4050 privatus...

188 4067 317 4136 Hispaniae
338 4071 508 4137 accipiendum
530 4071 605 4120 dandi
628 4087 698 4129 casua
745 4068 870 4132 intemplo
883 4069 1010 4120 Fortunae,
1030 4063 1253 4119 etc.vid.xn111,

190 4151 269 4214 Gran,
281 4177 314 4186 -
327 4152 361 4197 tt.
383 4149 487 4206 Atilius,
507 4161 576 4198 vetus
594 4161 700 4213 praetor,
748 4147 888 4211 19,n.13.
