2982 4702
248 370 313 442 166
338 374 376 440 T.
399 371 530 439 LIVII
559 370 654 436 LIB.
680 365 822 435 XLIII.
850 360 958 428 CAP.
984 354 1128 424 XXIII.

1156 333 1181 372 A.
1195 331 1218 371 C.
1234 333 1279 383 169.

1156 391 1182 430 U.
1194 395 1218 433 C.
1232 395 1279 432 58³.

245 507 387 591 posset,
416 506 456 561 ut
478 491 677 587 impensam
702 491 749 557 in‘
763 509 840 557 rem
860 480 1006 552 maximi
1027 475 1071 546 ad
1094 474 1215 543 omnia
1233 498 1306 543 rno-

243 605 357 674 menti
374 600 515 673 faceret.
531 599 593 632 ***⁴‘

240 774 348 822 sistimus
369 773 496 820 affectibus
516 772 562 820 alia
586 770 749 829 dictantibus,

241 869 313 917 quam
329 851 443 900 honestas
460 861 502 898 aut
517 861 612 914 tempus
630 850 750 912 impetun

241 935 319 982 eron.
330 931 402 979 eost.
417 931 448 978 aa
462 929 515 977 ιω
526 929 613 994 Polyb.
622 916 748 986 xxvrn',

242 1027 273 1073 9,
286 1023 310 1059 et
324 1013 425 1069 XXIX,
438 1027 463 1059 a.
474 1012 522 1068 Ea,
536 1025 591 1073 quae
605 1009 646 1056 ltie
663 1008 750 1064 refert,

242 1103 266 1138 et
274 1090 320 1138 alia
330 1106 428 1154 quoque
440 1088 571 1136 desiderari
581 1089 609 1134 iu
619 1085 668 1135 fine
678 1087 750 1147 hujus

241 1169 297 1216 libri
317 1169 419 1234 putabat
434 1169 520 1232 Sigon.
532 1195 567 1203 —
576 1167 676 1215 crever.
691 1181 750 1213 vero

240 1249 273 1298 ad
291 1261 395 1298 extrema
413 1248 486 1309 hujus
498 1247 557 1294 libri
569 1245 658 1304 verba,
671 1257 698 1292 ut
710 1245 751 1292 im-

238 1343 340 1390 pensam
352 1328 377 1376 in
390 1343 507 1375 rem.....
517 1325 631 1391 fuceret,
643 1326 696 1373 hato
709 1341 751 1372 no

165 1443 171 1464 ,
240 1418 290 1456 tat:
300 1409 466 1455 «Asteriscum
475 1405 516 1453 hic
525 1414 671 1468 apposuerat
681 1406 750 1467 SIgo-
766 1412 769 1418 “

239 1487 309 1544 uiue,
324 1487 391 1549 quod
402 1503 428 1533 ea
441 1501 495 1548 quae
505 1484 535 1531 de
546 1483 652 1531 Olonico
662 1484 750 1546 Hispa·

239 1582 274 1618 no
284 1566 311 1613 in
325 1566 432 1630 epitome
446 1565 520 1626 hujus
532 1564 591 1611 libri
605 1563 750 1624 traduntur,

240 1645 272 1692 ad
290 1646 437 1695 Clondicum
453 1646 623 1692 Bastarnarum
637 1643 724 1700 ducem
736 1659 749 1690 a

240 1726 310 1774 Livio
322 1725 476 1772 nominatum
496 1723 540 1772 lih.
554 1725 615 1782 XL,
630 1739 684 1787 cap,
699 1723 750 1780 58,

239 1803 365 1861 retulerit:
377 1819 450 1866 quem
462 1803 489 1848 in
503 1802 599 1850 Paeonia
611 1801 753 1849 fecissent.

240 1899 311 1946 quem
324 1893 418 1929 motum
427 1882 586 1939 existimavit,
595 1892 619 1930 et
629 1881 665 1928 ibi
676 1880 750 1928 inter-

240 1972 349 2025 emptum
362 1977 422 2008 esse.
435 1963 469 2006 Ea
481 1961 557 2022 Igitur
569 1975 624 2022 quae
634 1958 664 2006 ad
680 1959 751 2006 illum

239 2040 386 2090 ClondIoum
401 2043 557 2102 spectarent,
572 2037 613 2084 hle
632 2037 751 2088 excidisse

239 2119 343 2182 putavit.
359 2119 407 2167 Sed
421 2126 497 2182 quum
509 2117 587 2164 multo
600 2116 751 2180 probabilior

239 2198 286 2256 sit,
297 2197 328 2244 de
343 2198 447 2246 Olonico
460 2198 599 2258 conjectura
612 2195 749 2253 Gronovfi,

240 2277 286 2340 qui
294 2276 363 2323 illum
377 2276 488 2324 eumdem
502 2291 618 2322 esserum
629 2274 695 2321 Flori
710 2275 751 2322 Sa-

238 2355 339 2403 londieo
351 2356 479 2407 arbitratur
488 2365 540 2413 est,
553 2354 619 2402 nulla
630 2353 688 2402 satis
697 2352 752 2400 ido-

241 2451 285 2482 nea
298 2435 393 2487 ratIone
407 2435 505 2484 videtur
517 2445 598 2490 motus
613 2451 663 2489 esse
682 2430 752 2500 Sigo-

794 767 863 823 niue,
881 775 908 814 ut
933 761 1047 808 mutilum·
1072 758 1114 805 hic
1141 771 1192 802 esse
1214 753 1304 800 librum

794 843 957 892 arbitraretur.
970 838 1100 898 Doujatius
1116 833 1211 898 sigonii
1220 839 1305 879 auoto-

794 925 864 972 ritate
876 932 958 972 motus
970 917 1076 966 credidit
1091 926 1115 964 et
1131 916 1200 978 ipse,
1210 912 1251 959 hio
1259 911 1305 960 ali·

794 1003 855 1067 quid
863 995 1182 1056 Intercidisse,inseruitque
1190 992 1239 1039 hoo
1248 991 1304 1037 loro

794 1084 946 1147 rogationem
968 1077 1106 1126 aVoconIo
1125 1069 1304 1137 promulgatam

795 1174 819 1211 et
837 1161 953 1226 perlatam
968 1157 998 1206 de
1012 1151 1154 1203 coercendis
1175 1147 1304 1198 muliemrb

794 1228 979 1290 hereditatibus.
1003 1235 1051 1284 Sed
1071 1233 1101 1280 de
1125 1232 1178 1296 lege
1191 1228 1304 1276 Voconia

794 1331 875 1386 egerat
892 1319 989 1374 Livius,
1004 1315 1047 1362 lib.
1068 1313 1140 1367 XLI,
1159 1319 1186 1356 ut
1205 1317 1305 1371 apparet

795 1417 826 1448 ex
837 1401 945 1463 epitome
957 1396 1023 1445 illius
1035 1392 1101 1440 libri.
1117 1389 1246 1439 Credimus
1259 1387 1303 1450 igi-

795 1493 835 1529 tur
854 1479 918 1528 nihil
938 1494 969 1526 ex
989 1474 1039 1525 fine
1054 1471 1126 1534 hujus
1146 1470 1203 1518 libri
1220 1468 1305 1514 XLIII

794 1560 923 1624 periisse».
942 1552 1064 1604 Drakenb.
1088 1562 1169 1599 tamen
1191 1547 1236 1594 sub
1256 1544 1305 1594 fine

793 1639 866 1700 hujus
881 1637 938 1686 llbri
956 1635 1075 1683 deriderat
1093 1630 1256 1679 narrationem
1274 1623 1305 1672 de

794 1719 886 1782 Hippia
896 1753 903 1776 ,
913 1717 955 1780 qui
969 1715 1066 1762 tertIum
1077 1710 1108 1758 td
1120 1708 1236 1756 Gentium
1248 1705 1306 1752 mis·

796 1814 837 1848 sua
848 1796 909 1861 (vid.
926 1792 1014 1858 Polyb.
1032 1791 1133 1845 XXIX,
1145 1802 1159 1833 a
1169 1819 1176 1844 ‚
1186 1786 1202 1850 5
1213 1783 1256 1848 35)
1270 1799 1307 1830 re·

794 1875 932 1931 nuntiavit,
950 1883 1062 1937 paratum
1082 1885 1133 1916 esse
1159 1880 1238 1928 regem
1256 1863 1307 1910 bel-

794 1957 845 2005 lum
858 1955 973 2004 adversus
990 1954 1116 1999 Romanos
1136 1945 1270 2008 suscipere,
1284 1941 1306 1988 si

795 2045 902 2084 trecenta
920 2034 942 2080 ei
956 2031 1045 2083 talenta
1062 2033 1260 2080 numerarentur,
1280 2033 1306 2069 et

795 2116 891 2164 obsides
913 2111 978 2160 ultro
998 2111 1108 2172 citroque
1129 2105 1252 2152 darentur.
1274 2101 1306 2146 Et

795 2211 864 2252 vere,
885 2204 911 2239 ut
925 2190 1063 2238 observavit
1081 2181 1246 2244 Doeringius‚
1268 2179 1308 2224 Li-

796 2274 849 2321 vlus
866 2272 908 2319 tib.
920 2287 970 2332 seq.
982 2283 1036 2332 cap.
1049 2267 1097 2326 ab,
1117 2264 1181 2310 hano
1198 2267 1254 2307 'rem
1271 2259 1307 2306 ita

796 2352 882 2416 tangit,
891 2361 918 2397 ut
927 2348 999 2396 verba
1007 2348 1056 2407 jam
1066 2355 1135 2392 antea
1144 2343 1174 2389 de
1183 2357 1210 2388 ea
1218 2339 1307 2405 fecisse

796 2430 917 2485 videatur.
933 2429 978 2477 Eo.
