2982 4702
259 413 307 510 98
694 409 734 476 r.
767 409 906 477 Ltvlt
1174 391 1205 508 i}
1215 389 1242 489 t.
1254 401 1297 490 321:

258 531 391 606 vendas
414 531 594 602 sociorum
619 527 728 599 urbes
753 527 896 624 longius
919 525 965 600 ab
986 529 1109 600 castris
1129 527 1320 616 abstractos

257 639 480 740 deprehendi
498 644 679 710 Romanos
699 662 816 735 posse.
840 641 942 729 Quos
960 663 1075 736 quum
1096 665 1140 710 eo
1165 640 1320 712 tumultu

258 753 350 824 nihil
366 766 484 822 motos
505 747 831 834 animadvertisset,
852 746 1010 844 praedam
1030 748 1213 845 quidemr,
1230 774 1320 846 praa-

255 877 421 956 terquam
440 858 628 930 hominum
646 856 802 953 (pecora
821 865 941 945 'autem
964 859 1117 930 maxime
1134 861 1251 948 omnis
1268 884 1320 956 ge·

257 971 353 1045 neris
372 968 472 1040 fuere
485 967 517 1062 l,
536 967 657 1038 divisit
677 966 722 1037 ad
740 966 962 1064 epulandum
984 967 1167 1057 militibus.

302 1084 406 1156 LVII.
426 1077 501 1150 Sub
519 1076 615 1148 idem
632 1075 763 1159 deinde
780 1091 923 1174 tempus
942 1077 1132 1151 consilium
1146 1092 1183 1150 et
1195 1078 1319 1170 consul

255 1207 292 1263 et
302 1216 366 1262 rex
379 1188 607 1274 babuerunt,
621 1185 720 1272 unde
737 1183 873 1257 bellum
890 1186 1107 1259 ordirentur.
1124 1188 1231 1284 Regis
1245 1212 1319 1258 cre·

253 1314 385 1372 verunt
402 1299 535 1370 animi1
559 1297 754 1382 vastatione
772 1296 1028 1384 concessasibi
1045 1296 1091 1368 ab
1111 1297 1216 1368 hoste
1233 1298 1318 1368 Phe·

227 1420 233 1425 ”
253 1411 314 1482 raei
334 1410 419 1506 agri.
438 1415 566 1503 Itaque
584 1405 744 1494 eundum¹
762 1404 846 1494 inde
864 1405 911 1478 ad
929 1422 1062 1495 castra,
1076 1431 1144 1478 nec
1161 1406 1319 1478 dandum

254 1522 347 1594 ultra
366 1521 522 1617 spatium
540 1515 751 1601 cunctandi,
770 1513 950 1588 censebat.
970 1519 1015 1588 Et
1030 1516 1184 1604 Romani
1197 1540 1317 1586 cense-

253 1632 364 1717 bant,
381 1629 645 1710 cunctationem
665 1649 765 1696 suam
783 1623 953 1713 infamem
973 1625 1070 1722 apud
1091 1627 1209 1698 socios
1223 1650 1320 1714 esse,

252 1741 497 1835 maximopere
529 1735 676 1831 indigne
707 1733 886 1820 ferentes,
922 1760 998 1826 non
1032 1735 1139 1806 latam
1169 1736 1320 1808 Pheraeis

253 1872 373 1946 opem.
398 1843 716 1933 Consultantibus,
737 1842 827 1940 quid¹
846 1843 1183 1942 agerent,(aderant
1199 1862 1319 1918 autem

252 1965 431 2030 Eumenes
449 1969 486 2024 et
498 1953 637 2024 Attalus
654 1954 692 2022 in
710 1955 905 2048 consilio),
925 1955 1089 2053 trepidus
1104 1958 1254 2044 nuntius
1269 1956 1318 2028 af.

253 2067 343 2153 fert,
363 2066 502 2137 bostem
520 2087 652 2160 magno
669 2065 808 2159 agmine
823 2064 956 2136 adesse.
976 2066 1138 2154 Concilio
1153 2065 1317 2156 dimisso,

254 2178 397 2274 signum
411 2173 592 2270 extemplo
610 2171 727 2262 datur,
744 2188 787 2244 ut
801 2198 900 2246 arma
917 2175 1067 2272 capiant.
1080 2178 1229 2266 interim
1247 2176 1318 2274 pla·

254 2303 329 2374 cet,
347 2312 391 2357 ex
408 2284 515 2382 regiis
533 2283 672 2372 auxiliis
690 2298 836 2354 centum
855 2286 995 2381 equites
1008 2300 1045 2358 et
1058 2310 1181 2384 parem
1196 2311 1318 2358 nume-

253 2421 336 2485 rum
348 2393 587 2490 jaculatorum
605 2391 768 2488 peditum
779 2403 794 2434 ²
812 2395 921 2466 exire.
938 2400 1087 2467 Perseus
1101 2395 1191 2466 hora
1206 2395 1318 2468 ferme

253 2506 325 2577 diei
344 2517 491 2600 quarta,
514 2525 627 2598 quum
646 2501 755 2598 paulo
774 2502 856 2600 plus
875 2505 973 2575 mille
993 2529 1117 2602 passus
1140 2504 1280 2577 abesset
1298 2530 1318 2578 a

254 2616 376 2701 castris
394 2613 570 2700 romanie,
590 2613 784 2699 consistere
801 2616 901 2710 signa
914 2615 1076 2712 peditum
1090 2614 1205 2710 jussit.
1225 2620 1317 2686 Prae·

290 2823 313 2867 7.
326 2803 441 2850 Praedam
458 2801 571 2866 quidem,
590 2795 651 2849 forte
667 2802 763 2866 picedoe
807 2805 928 2870 vulgatam
938 2805 993 2854 elici
1001 2805 1110 2870 potuisse
1122 2806 1267 2854 lectionem:
1276 2807 1318 2855 ad·

254 2883 323 2949 quod
335 2893 404 2939 erat,·
418 2883 497 2930 Gron.
517 2881 612 2929 -Hic
625 2892 684 2928 nota
699 2879 763 2930 Doe-
808 2885 914 2933 dandum
936 2885 1004 2948 quod
1027 2886 1107 2934 multo
1128 2885 1262 2950 elegantior
1289 2903 1317 2934 ee

253 2965 317 3027 ring.
327 2963 368 3010 illa
378 2972 431 3029 cst:
442 2983 455 3004 ι
465 2961 567 3030 Elegens
574 2976 631 3026 eane
643 2961 764 3032 Gronorii
808 2965 913 3013 orationi
926 2966 1072 3032 concinnior
1081 2967 1159 3014 Gron.
1170 2982 1243 3030 quam
1256 2967 1316 3014 Dee

253 3045 407 3104 conjectura;
430 3040 473 3088 red
495 3057 567 3088 nemo
587 3040 656 3087 facile
669 3041 765 3104 proedoe
808 3045 872 3108 ring.
882 3045 1087 3106 conjecturallu.

254 3124 323 3189 quod
341 3134 395 3169 erat
411 3121 569 3185 depravatum
592 3137 642 3168 esse
662 3121 688 3168 in
703 3117 766 3184 'prae-
845 3123 1316 3190 Car.LV11.r.llegiscreveruntani·

254 3205 312 3251 dam
324 3200 422 3265 quidem
435 3198 482 3250 eibi
493 3199 645 3263 persuadeat.
657 3201 698 3248 An
707 3200 764 3248 scri·
807 3203 855 3261 mi,
867 3205 928 3253 sorte
938 3202 992 3268 regi
1000 3215 1124 3252 creverant
1132 3220 1172 3261 α.,
1182 3205 1254 3253 Crev.

254 3282 304 3345 psit
312 3278 396 3326 Livius
403 3277 526 3340 :praedam
536 3277 621 3325 idem:²
630 3279 765 3342 Depravata
844 3299 868 3333 a.
876 3285 918 3330 Ex
928 3281 1000 3347 regiis
1009 3282 1122 3341 auxiliis,
1130 3283 1258 3340 Eumenis,
1266 3297 1318 3329 een·

255 3371 337 3426 eutem
357 3367 392 3406 est
404 3372 455 3404 vox
470 3357 532 3404 idem
549 3358 608 3406 alibi
621 3374 721 3422 quoque
738 3359 765 3405 in
808 3373 859 3409 tum
871 3361 962 3426 equites
974 3372 997 3408 et
1007 3359 1094 3426 parem
1108 3378 1235 3410 nrtrnerum
1240 3361 1316 3427 jacu-

255 3437 511 3505 quidem.Supra‚II‚
521 3436 765 3502 2⁰‚100u5q1101'd0m
788 3441 915 3488 llatorum
936 3440 1065 3504 peditum,
1087 3457 1201 3488 numerus
1229 3439 1318 3488 erroris

256 3518 281 3565 in
293 3532 341 3562 imo
354 3513 451 3561 homine
465 3526 490 3561 et
506 3513 602 3562 exirniee
613 3515 700 3579 glorio:
712 3532 764 3562 mo·
808 3531 936 3584 suspectus
945 3529 994 3568 est:
1007 3536 1063 3568 nam
1077 3536 1137 3568 mox
1147 3520 1230 3568 Livius
1241 3519 1317 3577 dicit,

255 3605 394 3644 nurnentum
408 3604 439 3646 ¹et
451 3609 531 3656 poenoe
549 3594 639 3642 ultimae
645 3593 708 3658 fuit.
726 3595 764 3641 lbi
807 3599 916 3660 equitum
933 3599 1007 3646 luisse
1019 3599 1082 3646 datas
1096 3599 1151 3648 alas
1167 3610 1191 3646 et
1207 3599 1262 3646 Ievis
1278 3615 1319 3644 ar-

256 3689 355 3742 quoque
378 3670 451 3720 codd.
475 3672 542 3719 Leid.
567 3688 581 3719 a
605 3685 629 3720 et
651 3675 711 3722 Lov.
737 3690 763 3731 1,
807 3687 912 3723 aratura
935 3677 984 3733 CL,
1003 3677 1098 3742 bosque
1114 3694 1190 3742 pares
1219 3693 1318 3724 numero

255 3753 372 3816 malepro
382 3749 445 3797 idem
456 3751 563 3798 offerunt
570 3751 674 3814 quidem.
683 3755 764 3799 Potest
809 3754 903 3808 duabus
922 3755 1007 3804 turmis
1024 3756 1163 3815 Thracum,
1183 3767 1209 3804 et
1226 3755 1319 3804 duabus

256 3845 335 3880 temen
349 3840 433 3877 contra
447 3831 562 3894 Doering.
574 3830 704 3891 contendi,
713 3847 765 3878 nou
808 3833 987 3892 Macedonum,
1004 3835 1117 3900 binisque
1130 3835 1283 3884 Cmtemium
1295 3845 1319 3884 et

255 3913 343 3959 mirum
354 3925 405 3956 esse
417 3909 438 3955 si
449 3909 477 3955 in
493 3909 541 3958 hoc
553 3908 638 3956 ultimo
653 3909 765 3974 exemplo
808 3911 929 3960 Thracum
941 3912 1099 3977 cohortibus,
1110 3931 1123 3962 a
1136 3917 1223 3964 Perseo
1234 3914 1318 3962 edver-

256 4005 303 4054 que
314 3987 376 4034 idem
389 3986 544 4050 depravatum
553 3986 600 4033 luit
612 3987 638 4034 in
652 3988 763 4051 quidem,
809 4007 849 4038 sus
862 4007 904 4040 eos
914 3993 992 4042 missis
1001 4009 1009 4053 ;
1017 3992 1141 4042 Drakenb.
1148 3996 1211 4042 Mox
1219 3993 1318 4042 verbum

256 4085 302 4118 nec
316 4082 373 4114 saue
386 4063 518 4114 difficulter
533 4083 564 4113 ex
580 4066 725 4128 quoderat,
745 4066 766 4112 si
805 4084 979 4134 praecesserunt
988 4074 1144 4134 vacare,jam
1157 4073 1223 4122 idem
1233 4085 1257 4122 et
1265 4074 1320 4122 Cre·

256 4150 305 4197 duo
320 4145 393 4192 verbu
407 4145 471 4193 inter
484 4163 508 4193 se
524 4144 643 4192 cobaesere
654 4146 679 4192 in
692 4146 766 4204 cod,
810 4164 859 4198 ver.
872 4166 995 4200 monuere.
