2984 4706
214 359 340 464 ltili:
433 380 583 445 arnan
615 375 1020 444 xnrusurrnnu.
1181 373 1251 464 ²49

189 499 269 562 dum
281 542 289 578 ,
301 519 367 585 quo
384 498 417 560 in
435 513 520 560 statu
536 519 587 560 res
600 512 706 560 essent
721 497 806 560 inter
818 496 953 584 primam
964 494 1083 556 cientes
1097 513 1251 580 pugnam,

186 599 359 664 adventare
372 600 531 662 instructo
546 599 688 661 exercitu
699 599 850 662 Perseum
864 594 1034 659 nuntiavit.
1048 592 1148 655 Primi
1156 592 1252 654 Thra·

188 723 242 764 ces
253 699 463 780 incedebant,
480 699 563 762 truci
577 700 683 778 vultu,
697 719 832 786 corpore
846 719 993 784 procare,
1006 692 1250 782 splendentibus

187 802 272 865 miro
292 799 432 864 candore
450 801 570 886 clypeis
586 801 695 863 laevam
713 800 862 886 protecti.
880 801 1062 862 Humerum
1076 811 1252 881 utrumque

187 902 280 992 nigra
296 901 451 966 vestiebat
465 900 627 990 chlamys:
642 901 682 964 ah
698 900 829 964 dextero
841 903 1015 963 immanem
1029 896 1172 985 pondere
1189 897 1250 957 fra·

188 1023 295 1066 meam
304 1002 480 1066 identidem
495 1002 716 1066 coruscabant.
731 1004 825 1066 Juxta
835 1002 972 1065 Thracas
987 999 1159 1063 constitere
1169 1018 1251 1059 mer·

186 1105 266 1170 cede
283 1103 442 1168 conducta
458 1104 584 1185 auxilia,
598 1102 723 1166 diverso
741 1105 825 1166 inter
841 1126 875 1166 se
890 1125 950 1190 pro
965 1101 1097 1194 diversis
1109 1098 1249 1162 nationi·

135 1267 137 1270 .
190 1207 253 1269 hus
274 1221 399 1268 armatu
423 1203 623 1292 habituque:
651 1205 684 1266 in
707 1205 757 1268 his
782 1222 815 1268 et
834 1205 966 1267 Paeones
994 1204 1094 1265 litere.
1115 1199 1250 1263 Subibat

190 1327 306 1396 agmen
320 1305 534 1369 Macedonum
547 1306 704 1393 ipsorum,
721 1329 818 1392 quain
832 1304 1047 1393 leucaspidem
1059 1302 1249 1390 phalangem

189 1407 408 1496 appellabant;
423 1407 536 1469 delecti
555 1423 718 1494 quotquot
731 1407 850 1470 robore
866 1430 904 1469 ac
916 1407 1034 1468 virtute
1046 1402 1249 1492 praestabant,

190 1509 350 1596 fulgentes
367 1498 485 1572 auratis
507 1508 603 1570 armis
621 1509 768 1596 sagisque
793 1508 951 1594 puniceis.
977 1509 1022 1570 Ea
1042 1505 1146 1568 media
1169 1503 1251 1566 acies

186 1610 258 1672 fuit.
288 1610 356 1672 Hos
384 1609 613 1694 sequebantur,
632 1631 715 1696 quos
745 1610 785 1672 ab
811 1610 899 1672 aereis
926 1608 1106 1694 lucidisque
1129 1605 1250 1692 clypeis

185 1709 401 1796 chalcaspides
427 1709 592 1790 dicebant,
614 1727 671 1774 aut
695 1709 881 1799 aglaspidas.
903 1713 979 1773 Haec
999 1701 1139 1796 phalanri
1159 1707 1250 1786 juxta

185 1811 316 1874 aberam
332 1812 366 1872 in
383 1810 496 1874 dextro
514 1832 617 1874 cornu
636 1813 739 1875 locata
755 1827 813 1874 est.
829 1813 959 1874 ‘Praeter
978 1812 1061 1873 hanc
1078 1825 1250 1893 utramque

184 1913 394 1999 phalangem,
413 1912 503 2000 quod
518 1913 715 2001 praecipuum
733 1899 918 1976 robur'erat
936 1910 1138 1975 Macedonici
1159 1929 1249 1971 exer*

148 2081 153 2088 ,
185 2013 288 2093 citus,
306 2014 424 2076 caetrati
441 2013 635 2077 Macedones
652 2029 685 2076 et
701 2014 780 2100 ipsi,
804 2013 932 2077 sarissas
951 2028 1116 2102 gerentes,
1134 2030 1248 2096 quem-

185 2108 361 2176 admodum
377 2115 585 2202 phalangitae,
598 2132 708 2178 caetera
717 2115 817 2178 levius
828 2115 959 2194 armati,
974 2116 1006 2176 in
1020 2135 1142 2176 cornua
1155 2109 1249 2173 divisi

184 2231 291 2296 erant,
310 2231 384 2278 ante
399 2216 555 2302 reliquam
571 2217 672 2280 aciem
688 2217 822 2303 projecti
841 2233 873 2280 et
889 2217 1078 2280 eminentes,
1092 2212 1249 2300 Fulgebat

184 2338 318 2403 campus
336 2339 500 2380 armorum
512 2317 704 2405 splendore:
719 2318 912 2382 clamoribus
925 2316 1165 2382 cohortantium
1178 2334 1247 2376 sese

184 2416 321 2480 invicem
343 2417 441 2480 vicini
459 2419 555 2481 colles
579 2419 804 2506 personabant.
825 2423 948 2484 Harum
968 2419 1117 2482 omnium
1139 2418 1247 2504 copia·

90 2519 91 2522 ’
184 2539 259 2579 rum
275 2517 508 2604 prodeuntium
529 2519 562 2581 in
583 2542 726 2607 pugnam
749 2543 785 2583 ea
804 2521 865 2583 fuit
882 2520 1024 2582 celeritas
1044 2534 1076 2580 et
1097 2517 1246 2600 audacia,

185 2633 236 2697 ut,
257 2619 313 2704 qui
329 2618 426 2706 pn'mi
441 2619 603 2682 interfecti
620 2636 716 2700 sunt,
731 2619 772 2682 ad
788 2619 946 2682 ducentos
963 2635 995 2683 et
1013 2619 1248 2706 quinquaginta

141 2779 143 2784 ,
184 2739 296 2806 passus
314 2741 332 2781 a
356 2721 498 2781 romanis
521 2720 632 2782 castris
649 2718 809 2782 caderent.
831 2719 1101 2808 Progrediebatur
1116 2718 1247 2781 interim
1277 2745 1279 2751 ⁸

185 2817 335 2883 AEmilius
351 2842 359 2884 :
377 2836 479 2906 utque
495 2818 639 2907 adspexit
656 2843 759 2906 quuru
778 2819 920 2907 reliquos
945 2819 1155 2894 Macedonas,
1175 2835 1247 2882 tum

185 2940 251 2999 eos,
264 2919 322 3006 qui
337 2919 371 2981 in
388 2919 580 3007 phalangem
593 2920 770 2983 contributi
784 2937 885 3000 erant,
898 2921 1013 3007 partim
1031 2919 1160 3007 clypeis,
1175 2943 1249 3006 pan

184 3019 244 3081 tim
273 3021 375 3083 caetris
400 3041 440 3082 ex
465 3019 606 3083 humero
627 3019 793 3100 detractis,
814 3020 1040 3108 inclinatisque
1063 3042 1131 3081 uno
1155 3021 1248 3110 sig'no

184 3120 322 3202 sarissis,
345 3120 539 3207 excipientes
562 3121 786 3184 Romanorum
811 3121 989 3210 impeturn,
1012 3120 1189 3184 admiratus
1218 3139 1250 3185 et

183 3220 270 3284 illam
285 3220 494 3285 densatorum
512 3223 678 3310 agminum
691 3221 891 3303 firmitatem,
907 3239 938 3284 et
955 3223 1074 3284 vallum
1090 3224 1248 3309 protentis

184 3322 305 3385 sarissis
322 3323 479 3403 horrens,
505 3339 636 3411 stupore
660 3323 757 3386 simul
782 3347 819 3386 ac
848 3340 970 3386 terrore
988 3323 1154 3410 perculsus
1177 3341 1248 3406 est,

185 3438 348 3510 tamquam
361 3447 429 3488 non
445 3424 533 3490 aliud
546 3445 691 3514 unquam
708 3441 773 3489 tarn
787 3426 927 3490 terribile
939 3426 1157 3513 spectaculum
1170 3450 1246 3490 con-

72 3589 74 3596 ,
150 3615 154 3621 ι
184 3524 345 3611 spicatus:
364 3549 402 3588 ac
417 3543 528 3612 postea
543 3525 578 3592 id
592 3528 712 3615 'saepius
725 3549 979 3591 commemorare
993 3544 1025 3590 et
1040 3550 1105 3614 prae
1120 3551 1153 3592 se
1165 3528 1248 3592 ferre

184 3623 299 3686 solitus
315 3639 372 3687 est.
400 3627 485 3688 Tum
506 3649 582 3690 vero
603 3623 716 3692 sedulo
736 3628 939 3692 dissimulans
956 3629 1135 3716 perturbati
1148 3630 1248 3692 animi

184 3724 436 3798 motum‚vultu
454 3748 568 3789 sereno
581 3749 617 3789 ac
635 3750 745 3792 secura
762 3732 889 3810 fronte,
907 3730 1049 3816 etcapite
1066 3746 1097 3792 et
1111 3753 1247 3818 corpore

184 3824 305 3885 intecto
329 3823 429 3886 aciem
447 3824 636 3890 instruebat.
656 3831 724 3892 Jam
743 3832 933 3918 pugnabant
952 3828 1074 3918 Peligni
1096 3831 1248 3896 adversus

184 3928 351 4014 oppositos
368 3929 428 3991 sibi
450 3946 608 4013 caetratos,
626 3956 794 4022 quumque
817 3937 874 3998 diu
894 3938 1099 4022 multumque
1121 3939 1248 4002 connisi

183 4049 393 4117 perrumpere
412 4031 594 4096 confertum
612 4057 726 4123 agmen
741 4059 807 4099 non
825 4053 972 4129 possent,
988 4037 1109 4118 SaliuS,
1125 4039 1181 4128 qui
1193 4040 1249 4136 lJe-
