2984 4706
198 349 324 458 3:223221
369 373 458 440 nm.
479 373 614 440 xciv.
635 371 773 440 surr.
797 371 903 438 cnr.
923 372 1099 442 xxxvi.
1167 369 1238 466 239

172 508 210 555 ut
228 507 286 556 aut
307 492 348 556 ad
365 491 512 580 Pydnam
536 491 690 558 recedens
713 492 840 555 hostem
866 491 911 554 ibi
934 509 1150 579 exspectaret,
1174 493 1238 556 sub

172 600 275 662 muris
292 598 425 662 munitae
441 598 531 662 urbis
546 597 670 662 minore
684 598 829 686 periculo
846 613 1045 680 certaturus,
1060 614 1118 662 aut
1136 599 1237 686 copiis

172 724 232 789 per
245 702 342 766 urbes
356 700 556 766 Macedoniae
568 700 738 788 dispersis,
750 699 977 786 convectisque
994 700 1028 763 in
1045 701 1115 766 loca
1130 691 1240 764 muni-

172 803 257 868 tiora
273 803 428 893 frugibus⁸
444 819 540 890 atque
557 801 747 890 pecoribus,
761 803 933 890 populatos
945 823 1046 890 ‘agros
1064 817 1096 866 et
1111 801 1239 865 nudum

172 901 262 969 hosti
277 905 474 996 relinqueret
486 903 602 969 solum.
627 904 753 992 Anceps
775 901 951 966 fluctuabat
975 903 1061 968 inter
1083 905 1152 968 haec
1173 903 1240 967 duo

172 1004 307 1068 consilia
319 1001 404 1094 regis
422 1005 559 1068 animus.
573 1004 679 1077 Amici
690 1004 792 1068 tutius
812 1027 944 1092 quoque
958 1003 1008 1086 id,
1027 1004 1118 1093 quod
1134 1005 1239 1068 hone-

173 1107 254 1170 stius
267 1106 368 1188 foret,
387 1107 458 1188 rati,
474 1106 700 1186 hortabantur,
719 1121 755 1169 ut
769 1127 887 1194 pugnae
902 1126 1012 1168 casum
1030 1105 1239 1192 experiretur.

173 1210 259 1272 Eum
272 1221 303 1272 ct
314 1232 440 1272 numero
447 1222 606 1306 proestarc
622 1207 779 1286 militum,
796 1220 828 1268 ct
841 1229 918 1268 vcro
932 1207 1027 1268 ctiam
1044 1209 1159 1271 virtuti
1172 1229 1239 1269 crc-

173 1310 245 1373 dcre
260 1309 385 1388 debere,
411 1333 508 1397 quam
526 1311 696 1397 abgcm'tam
719 1310 833 1371 animis
854 1330 1025 1371 accensura
1046 1329 1167 1396 quoquc
1192 1330 1239 1370 cs·

173 1409 312 1474 sentilla
326 1409 525 1472 validissima
539 1424 570 1472 ct
586 1411 781 1473 sanctissimo
795 1407 884 1498 apud
901 1409 1042 1472 domines
1057 1407 1243 1495 adfortitcr

166 1511 380 1599 pugnandum
393 1513 618 1588 incitamenta,
641 1511 699 1574 iroe
708 1557 718 1589 ,
725 1507 819 1598 foci,
837 1532 950 1589 sacra,
966 1513 1048 1575 inter
1058 1533 1130 1599 qnoe
1142 1522 1171 1574 ct
1176 1533 1240 1598 pro

173 1597 286 1701 q'ur'bus
301 1612 517 1676 dimicandum
532 1625 609 1675 essct
616 1659 626 1691 ,
649 1625 680 1675 ct
688 1623 837 1699 parentes
855 1635 894 1676 ac
912 1613 1085 1700 conjugcs;
1109 1635 1168 1676 rex
1184 1612 1241 1674 de·

173 1717 267 1803 nique
289 1717 352 1802 ipsc
378 1716 572 1802 inspectans,
598 1735 720 1802 seseque
743 1716 775 1776 in
799 1727 927 1803 partem
949 1714 1132 1778 discriminis
1159 1712 1241 1802 offc-

176 1839 258 1879 rcns.
279 1815 337 1879 His
350 1831 459 1879 motus
475 1837 540 1904 rex¹
550 1814 591 1879 ad
609 1837 751 1903 pugnam
766 1836 836 1878 sese
847 1816 1059 1902 comparavit,
1072 1831 1120 1896 et,
1136 1838 1239 1903 quum

174 1933 262 1982 retro
278 1917 423 1980 cessisset
433 1915 474 1980 ad
486 1914 650 2003 Pydnam,
662 1915 758 1979 simul
771 1931 874 1978 castra
884 1914 985 1997 locat,
1001 1916 1097 1979 simul
1108 1915 1241 1980 instruit

174 2020 294 2099 aciem,
313 2041 410 2092 suum
430 2018 547 2105 cuique
565 2017 740 2081 ductorum
755 2039 876 2080 munus
894 2017 1070 2104 locumque
1085 2018 1239 2106 assignat,

175 2139 329 2210 tanquam
352 2121 458 2186 statim
475 2143 514 2185 ex
532 2121 648 2184 itinere
668 2119 888 2184 dimicaturus.
913 2120 1015 2210 Regio
1036 2137 1103 2183 erat
1124 2120 1239 2200 hujus·

175 2222 264 2285 modi
276 2244 435 2309 :campus
450 2220 645 2308 explicandae
662 2221 827 2310 phalangi,
847 2221 900 2285 cui
915 2237 1024 2309 aperta
1039 2237 1071 2284 ct
1091 2223 1241 2309 aequabili

173 2317 305 2418 planitie
331 2345 413 2410 opus
441 2337 506 2404 est,
533 2337 756 2410 opportunus;
776 2345 843 2386 non
868 2323 911 2386 ita
937 2339 1066 2406 tamen,
1088 2340 1125 2386 ut
1149 2324 1240 2388 facile

174 2423 357 2510 promoveri
369 2438 491 2510 posset:
505 2422 652 2511 perpetui
666 2421 785 2486 deinde
798 2423 912 2506 colles,
925 2426 982 2512 qui
996 2425 1056 2490 levi
1071 2443 1241 2489 armaturae

175 2541 246 2587 tum
269 2524 469 2613 refugiendi,
496 2540 567 2587 tum
593 2523 867 2588 circumcursandi
897 2527 1021 2613 copiam
1048 2527 1239 2614 praeberent.

175 2628 295 2689 Amnes
304 2623 549 2712 duo,AEsonem
559 2625 851 2706 alten1n1,alterum
860 2627 1003 2720 Leucurp
1014 2628 1126 2691 incolae
1136 2631 1240 2717 appel·

175 2726 260 2807 lant,
273 2726 419 2813 quamvis
428 2726 519 2790 tenui
531 2743 602 2789 turn
612 2724 750 2789 fluerent
761 2749 854 2814 aqua,
869 2727 990 2814 aliquid
1000 2744 1107 2791 tamen
1118 2731 1241 2817 negotii
1279 2717 1282 2728 ¹

175 2826 329 2891 facessere
345 2828 499 2890 Romanis
515 2849 609 2915 posse
624 2827 828 2892 videbantur.
846 2827 1015 2911 AEmilius,
1026 2829 1145 2908 junctis
1164 2853 1240 2895 cum

174 2929 289 2994 Nasica
307 2929 425 3018 copiis,
439 2944 525 2992 recta
543 2927 583 2991 ad
603 2927 730 2992 hostem
753 2929 799 2991 ire
817 2929 932 3017 pergit.
953 2931 1076 2992 Verum
1096 2929 1137 2992 ad
1158 2953 1238 2993 con-

175 3046 320 3118 spectum
337 3028 495 3096 exercitus
513 3044 545 3091 et
559 3050 696 3091 numero
712 3046 744 3092 et
760 3028 878 3092 robore
891 3030 1031 3093 militum
1043 3030 1240 3113 validissimi,

175 3148 208 3196 et
221 3133 347 3223 egregie
369 3131 519 3196 instructi
536 3146 568 3194 et
586 3131 687 3218 parati
707 3127 748 3195 ad
762 3133 1140 3218 pugnam,stupefactus
1161 3133 1240 3196 sub·

175 3234 271 3316 stitit,
292 3236 394 3299 multa
409 3256 520 3321 secum
538 3249 701 3321 reputans.

219 3345 371 3408 XXXVI.
387 3333 548 3433 Tempus]
560 3335 645 3405 anni
658 3350 740 3433 post
754 3337 1008 3408 circumactum
1021 3347 1031 3378 ¹
1048 3336 1240 3408 solstitium

176 3444 365 3516 cratzhora
374 3444 520 3540 dicijam
530 3446 575 3517 ad
584 3446 768 3516 meridiem
776 3444 1160 3542 vergebattitermulto
1167 3449 1243 3545 pul·

174 3578 259 3624 vere
273 3569 310 3625 et
323 3554 558 3628 incalescente
572 3557 647 3628 sole
661 3553 795 3627 factum
809 3571 895 3627 erat.
911 3557 1101 3628 Lassitudo
1115 3573 1152 3629 et
1166 3559 1243 3630 sitis

173 3665 247 3758 jam
268 3663 500 3752 sentiebatur,
515 3681 570 3753 et,
592 3666 743 3737 meridie
763 3670 937 3754 instante,
954 3669 1064 3764 magis
1083 3693 1243 3739 accessu·

175 3797 257 3842 rum
273 3787 469 3869 utrumque
489 3774 695 3871 apparebat.
716 3779 846 3848 Statuit
866 3777 915 3846 sic
938 3773 1087 3848 affectos
1107 3782 1243 3850 recenti

152 3965 156 3976 ,
211 3923 299 3970 Surae.
322 3921 445 3972 Plutarch.
467 3921 494 3972 in
517 3925 608 3974 AEmilii
626 3927 685 3976 vita.
731 3917 869 3996 Ῐφθίνοντος,
884 3915 1244 3994 etc.rlutssl.1.-Magnac-

212 4002 273 4050 Car.
283 3999 405 4050 XXXVI.
418 4019 440 4051 1.
449 4003 518 4052 Anni
523 4015 581 4067 post
588 4003 688 4054 circum·
732 4023 868 4063 cessumm,
882 4019 980 4056 auctum
990 4008 1020 4055 iri
1030 4007 1096 4073 (vide
1105 4008 1138 4055 ad
1147 4011 1243 4070 XXIV,

176 4096 257 4132 actum
270 4083 413 4142 solstitium,
433 4095 480 4132 cte.
498 4085 578 4154 θέρους
594 4078 622 4139 b
637 4085 688 4155 ὥρα
734 4102 810 4149 27,n.
825 4084 863 4152 7),
875 4099 1017 4150 utrumque,
1033 4104 1065 4134 sc.
1077 4088 1244 4137 lassitudinem
