2976 4712
271 407 341 495 431
676 399 913 468 EPITOMAE

269 521 499 607 criminibus,
523 520 616 590 inter
637 542 718 614 quas
740 521 964 591 accusatione
983 519 1164 617 parricidii
1183 534 1221 591 et
1241 519 1328 594 alle·

269 638 353 709 etati
372 632 493 730 regui,
517 629 673 727 primum
698 629 854 726 petitam,
878 630 924 702 ad
946 630 1136 720 ultimum,
1155 631 1328 727 quoniam

267 744 395 845 populi
412 739 553 812 romani
572 739 706 809 amicus
729 753 823 827 erat,
846 763 987 812 veneno
1007 753 1159 812 necatus
1170 749 1257 827 ,θεῖς
1275 755 1329 810 re-

268 876 455 954 gnumque
473 847 691 932 Macedouiae
708 864 853 920 mortuo
871 848 1102 948 Philippoad
1120 855 1252 922 Persen
1268 849 1329 920 de-

267 959 404 1037 venit3.
431 965 522 1032 Item
547 982 604 1029 res
626 960 664 1030 iu
686 957 879 1056 Liguribus
901 961 996 1031 etin
1014 960 1185 1058 Hispania
1197 949 1329 1030 Teontra

268 1073 467 1150 Celtiberos
484 1095 505 1140 a
522 1067 770 1166 compluribus
786 1067 937 1141 feliciter
950 1083 1066 1167 gestas
1085 1070 1255 1140 continet.
1273 1070 1331 1140 Li·

267 1186 325 1258 bri
342 1187 470 1256 Numae
491 1177 656 1275 Pompilii
676 1181 715 1250 in
733 1202 827 1276 agro
842 1183 882 1250 L.
901 1179 1029 1250 Petillii
1047 1178 1173 1252 scribac
1187 1177 1255 1250 sub
1273 1183 1329 1248 Ja-

267 1292 389 1366 niculo
412 1316 436 1362 a
460 1285 659 1360 cultoribus
682 1288 780 1385 agii,
803 1289 841 1358 in
865 1312 946 1360 arca
970 1288 1111 1386 lapidea
1131 1289 1269 1374 clausi,
1293 1303 1330 1360 et

267 1403 380 1476 Graeci
398 1413 434 1472 et
452 1397 587 1484 Latim,
605 1397 743 1466 inventi
758 1412 852 1468 sunt.
866 1403 909 1467 Iu
923 1391 1060 1495 quibus
1075 1421 1190 1495 quum
1204 1399 1329 1497 plura,

267 1537 349 1610 quas
372 1503 681 1581 dissolvendarum
705 1505 922 1602 religionum
936 1511 964 1596 4,
988 1523 1132 1604 praetor,
1154 1508 1201 1580 ad
1220 1531 1330 1605 quem

266 1621 376 1692 delati
394 1630 514 1704 erant,
531 1615 693 1712 legisset,
708 1614 841 1708 juravit
857 1620 1019 1704 senatui,
1039 1633 1165 1690 contra
1182 1641 1330 1715 raupa.

267 1731 398 1802 blicam
416 1751 512 1814 esse,
534 1739 575 1796 ut
598 1723 802 1821 legerentur
824 1743 1124 1824 servarenturque
1139 1755 1147 1797 :
1165 1741 1261 1800 etex
1275 1752 1329 1800 se·

266 1835 539 1910 natusoonsulto
557 1835 595 1904 in
617 1834 774 1904 Comitio
795 1837 913 1906 exusti
932 1851 1026 1906 sum.
1048 1836 1200 1908 Colonia
1218 1838 1330 1934 Aqui·

267 1950 336 2024 leia
355 1947 511 2018 deducta
531 1958 595 2016 est.
621 1942 827 2041 Philippus,
847 1945 1057 2042 aegritudine
1079 1947 1189 2018 animi
1210 1944 1332 2018 couse-

267 2073 367 2143 ctus,
394 2054 498 2152 quod
521 2055 746 2125 Demetrium
772 2051 910 2142 filium,
938 2054 1016 2128 falsi
1044 2058 1163 2128 Persei
1186 2055 1332 2127 alterius

230 2165 234 2171 ’
267 2165 332 2237 filii
363 2162 605 2235 delationibus
632 2161 831 2260 impulsus,
861 2187 1005 2236 veneno
1036 2166 1259 2252 sustulisset,
1286 2165 1330 2236 de

267 2298 377 2372 poena
399 2274 516 2343 Persei
542 2273 709 2367 cogitavit
719 2268 746 2361 ⁵,
764 2273 952 2372 voluitque
973 2277 1191 2372 Antigonum
1211 2277 1331 2374 potius

267 2385 422 2454 amicum
441 2403 549 2450 suum
569 2379 812 2454 successorem
831 2384 933 2480 regni
951 2386 1005 2457 sui
1025 2385 1243 2482 relinquere.
1263 2385 1331 2457 Sed

266 2495 305 2578 iu
322 2493 390 2564 hac
408 2491 625 2588 cogitatione
644 2506 761 2562 morte
777 2507 901 2591 raptus
921 2509 983 2565 est.
1003 2499 1169 2592 Regnum
1183 2499 1332 2567 Perseus

268 2605 420 2701 excepit.

541 2766 768 2834 EPITOME
799 2768 936 2837 LIBRI
967 2772 1064 2838 XLI.

317 2950 414 3046 Ignis
432 2948 469 3016 in
488 2945 563 3017 aede
580 2951 695 3020 vesta
722 2946 916 3022 exstinctus
939 2964 1003 3022 est.
1022 2953 1073 3020 Ti.
1099 2955 1333 3049 Sempronius

270 3047 452 3131 Gracchus
469 3057 690 3153 proconsul¹
710 3057 910 3130 Celtiberos
927 3060 1040 3130 victos
1058 3060 1095 3129 in
1110 3057 1331 3131 deditionem

269 3280 352 3344 lippus
364 3274 530 3333 interfecerat,
542 3261 616 3322 vidua
629 3271 711 3322 relicta
728 3274 778 3324 fue-
822 3291 856 3325 sc.
874 3290 958 3336 erant,
978 3278 1046 3342 quod
1058 3277 1085 3326 in
1102 3277 1248 3348 quibudam
1261 3278 1331 3336 edd„

269 3369 308 3407 rat
318 3371 373 3404 cum
383 3369 435 3402 uuo
446 3351 525 3399 solum
533 3349 597 3412 lilio,
605 3368 705 3417 eamque
713 3354 779 3419 apud
823 3357 867 3405 sed
877 3357 903 3404 in
912 3357 982 3406 nullo
991 3359 1050 3418 MS,
1058 3358 1166 3418 additur,
1179 3368 1203 3406 ct
1218 3359 1271 3406 sinc
1284 3373 1332 3420 quo

270 3434 385 3488 peridem
401 3431 493 3479 llberos
512 3430 610 3479 enixam
627 3447 678 3480 nou
689 3432 779 3492 duiose,
824 3435 897 3483 otiam
914 3435 972 3487 Sall.
984 3438 1042 3501 Jug.
1060 3450 1115 3500 cap.
1132 3438 1181 3495 88,
1197 3435 1261 3484 dixit
1279 3451 1333 3498 quo

271 3521 415 3580 argumento
434 3519 493 3557 sunt
505 3509 580 3558 verba
592 3509 668 3570 Livii,
681 3527 735 3576 cap.
746 3519 783 3578 o,
821 3520 955 3576 postquam
966 3515 1074 3579 gloriosa
1087 3514 1174 3586 modo,
1190 3529 1269 3578 neque
1281 3513 1335 3562 betti

270 3586 782 3656 mmsororisquefiliossssdaucmrlipit.
821 3591 944 3656 mirandi
952 3592 1079 3657 cognorim
1093 3592 1159 3642 nuk.

272 3673 359 3723 liberos
371 3669 402 3717 de
413 3683 464 3716 uno
476 3664 529 3714 filio
544 3665 741 3734 diximopotuit,
754 3680 783 3718 ut
862 3673 886 3720 5.
904 3673 942 3718 De
953 3687 1030 3734 pm
1048 3669 1130 3717 Persei
1143 3667 1274 3732 cogitavit,
1293 3668 1334 3716 de-

272 3765 336 3818 soepe
350 3747 480 3812 scriptores
491 3745 577 3805 latini3
590 3747 657 3796 Duk.
825 3749 873 3797 lavi
884 3751 918 3800 -τὸ
936 3761 972 3807 et,
988 3749 1130 3812 quodem
1150 3748 1182 3796 rte
1201 3747 1334 3812 legituru'n

308 3833 334 3879 3.
345 3831 444 3876 Votieno
461 3835 561 3874 matus
575 3835 648 3876 ese...
672 3825 778 3885 manu,
796 3823 798 3826 ’
824 3827 939 3876 omnibus
951 3829 1013 3877 MSS
1027 3837 1116 3894 pmtar
1128 3826 1200 3876 laid.
1217 3837 1243 3875 et
1256 3843 1273 3874 e
1287 3824 1334 3874 line

271 3905 354 3953 latinu
372 3906 462 3970 lingua
479 3903 519 3952 rel
535 3903 692 3954 mediocriter
710 3906 783 3968 periti
827 3909 893 3955 vocis
905 3921 977 3970 prisc.
987 3907 1117 3970 repetitum
1126 3904 1333 3954 videbaturotin

273 3983 382 4033 dicemus
394 3995 493 4032 necnon
504 3982 584 4046 ficem
602 3995 627 4032 et
644 3983 780 4041 deomena
826 3983 936 4032 anero.
1065 4005 1067 4010 ’

273 4060 365 4110 Duker.
860 4063 1003 4110 Ermum.
1017 4078 1040 4109 1.
1050 4061 1087 4110 Ti.
1097 4059 1251 4126 Sempronius
1262 4061 1335 4110 Grac

306 4147 336 4194 a.
345 4139 408 4199 Quo
420 4137 625 4188 dissolvendarum
638 4138 780 4204 religionum
824 4140 883 4189 elius
891 4142 983 4205 proni
996 4139 1048 4188 vid.
1065 4139 1193 4200 uxum,
1207 4140 1255 4200 38,
1267 4156 1294 4192 n.
1307 4147 1332 4194 4.
