2976 4712
463 352 735 422 tineosum
766 350 907 436 arvis.
1148 353 1213 436 aa

163 501 245 550 suos
259 474 513 574 popularetur,
528 471 788 568 dixeruntque,
806 493 889 541 eum
901 472 1123 567 conspirasse
1135 497 1219 568 curn

161 585 340 660 Antiocho
366 599 495 656 contra
520 581 699 680 populum
728 591 928 652 romanum.
957 580 1112 674 Societas
1136 607 1219 654 cum

162 694 310 766 Rhodiis
325 690 603 790 deprecantibus
614 690 741 785 juncta
756 704 820 761 est.
837 693 1006 761 Lustrum
1024 715 1045 761 a
1062 695 1221 790 censori-

162 804 232 876 bus
250 801 436 874 conditum
457 816 520 874 cst.
543 803 657 870 Censa
676 813 761 870 sunt
781 797 910 868 civium
931 799 1045 894 capita
1062 811 1223 872 trecenta

163 913 287 1010 viginti
310 926 447 1010 septem
471 905 610 980 millia⁵
632 908 758 1005 viginti
783 907 868 980 duo.
891 907 1060 1005 Princeps
1080 926 1223 982 senatus

163 1024 276 1094 lectus
294 1027 341 1093 Μ.
359 1020 517 1092 AEmilius
532 1016 724 1116 Lepidus⁶.
744 1017 972 1106 Ptolemaeus,
984 1021 1126 1117 AEgypti
1138 1046 1224 1110 rex,

164 1123 288 1234 pulsus
303 1155 415 1228 regno
431 1156 451 1202 a
466 1131 607 1202 minore
621 1127 768 1216 fratrer,
787 1130 902 1201 missis
917 1129 963 1200 ad
978 1151 1064 1202 eum
1080 1130 1223 1228 legatis,

164 1241 348 1313 restitutus
365 1253 428 1310 est.
449 1238 633 1311 Ariarathe
649 1239 884 1337 Cappadociae
900 1264 984 1338 rege
1003 1256 1167 1330 mortuo,
1184 1240 1225 1311 fi-

164 1351 233 1422 lius
259 1351 336 1446 ejus
359 1347 584 1441 Ariarathes⁸
610 1373 763 1446 regnum
789 1351 948 1447 accepit,
975 1366 1011 1423 et
1031 1351 1224 1442 amicitiam

164 1484 248 1532 curn
259 1460 398 1559 populo
408 1484 559 1531 romano
569 1483 635 1557 per
649 1458 783 1557 legatos
794 1461 991 1531 renovavit.
1002 1465 1071 1531 Res
1079 1475 1224 1558 praeter-

165 1596 206 1642 ea
215 1570 384 1642 adversus
395 1573 542 1666 Ligures
555 1583 592 1640 et
604 1573 735 1640 Corsos
744 1583 779 1640 et
788 1569 976 1639 Lusitanos
984 1569 1083 1640 vario
1092 1583 1225 1642 eventu

148 1669 300 1779 ¹gestas,
317 1695 353 1770 et
368 1695 489 1750 motus
509 1681 636 1776 Syriae,
659 1693 806 1750 mortuo
822 1677 1018 1765 Antiocho,
1033 1681 1097 1777 qui
1109 1679 1223 1751 filiurn

166 1789 383 1862 Antiochum
410 1813 566 1886 puerum
592 1787 787 1860 admodum
814 1785 1027 1884 reliquerat,
1051 1791 1224 1860 continet.

165 1906 269 1971 Hunc
290 1896 508 1970 Antiochum
529 1919 685 1995 puerum
712 1921 795 1968 cum
820 1899 924 1994 Lysia
950 1912 1070 1970 tutore
1094 1902 1224 1971 Deme-

165 2010 275 2096 trius,
297 2008 435 2080 Seleuci
452 2007 566 2093 filius,
585 2009 649 2105 qui
666 2011 788 2078 Romae
806 2006 936 2078 obses9
953 2005 1092 2094 fuerat,
1113 2008 1225 2095 clam,

166 2120 251 2215 quia
270 2143 342 2189 non
365 2117 609 2190 dimittebatur
625 2142 644 2188 a
662 2119 851 2206 Romanis,
868 2118 1071 2204 interemit,
1091 2133 1127 2189 et
1149 2121 1225 2217 ipse

167 2229 204 2298 in
230 2252 380 2326 regnum
411 2244 585 2327 receptus.
611 2233 652 2299 L.
676 2227 815 2298 AEmilio
837 2227 982 2322 ¹Paull0,
1006 2231 1070 2325 qui
1095 2235 1226 2301 Persen

166 2339 315 2426 vicerat,
330 2354 493 2427 mortuo,
505 2353 603 2410 tanta
616 2336 692 2433 ejus
706 2335 918 2409 abstinentia
934 2335 1023 2425 suit,
1039 2352 1096 2425 ut,
1111 2363 1225 2434 quum
1240 2327 1243 2344 ¹

167 2473 210 2519 ex
230 2451 397 2546 Hispania
420 2466 457 2521 et
478 2474 523 2520 ex
540 2447 791 2520 Macedonia10
809 2451 1001 2520 immensas
1020 2473 1110 2547 opes
1125 2464 1225 2521 retu·

166 2558 283 2647 iisset,
303 2562 361 2628 vix
382 2584 426 2630 ex
447 2561 613 2630 auctione
627 2559 705 2653 ejus
722 2558 909 2631 redactum
923 2561 988 2646 sit,
1006 2559 1104 2632 unde
1121 2562 1226 2631 uxori

167 2749 257 2798 Prasias
272 2749 356 2812 legatis
375 2753 464 2798 Roma*
479 2750 601 2798 societatis
619 2766 674 2798 eum
717 2751 766 2800 tice
777 2748 869 2801 dictuin
882 2751 1149 2811 videtur,neceatisex
1159 2769 1227 2801 more

169 2826 512 2882 Antiochoinitaeaccneetum
523 2827 592 2876 dicit.
717 2830 790 2878 solito
812 2829 939 2894 loquendi.
949 2829 1044 2878 Vocula
1063 2845 1077 2876 e
1094 2830 1167 2894 plane
1189 2848 1226 2880 re-

204 2904 676 2970 5.demas.ctv.eapuaeccaa711
718 2907 875 2956 dundat.En.
901 2955 903 2960 ,

168 2984 245 3032 millia
251 3020 260 3043 ,
271 2985 333 3033 forte
339 3002 374 3034 ex
384 2987 430 3034 MS
438 2988 492 3036 Iac.
504 2987 568 3034 Susii
576 2997 601 3035 et
609 2986 673 3036 Plut.
753 2986 777 3033 8.
787 2984 862 3033 Filius
871 2985 923 3050 ejus
931 2984 1091 3044 Ariarathes,
1102 2997 1150 3036 etc.
1160 2991 1227 3038 conl.

169 3062 254 3112 AEmit.
271 3080 332 3130 pag,
344 3064 395 3127 ²7⁵
405 3100 412 3128 ,
424 3066 472 3130 leg.
492 3065 676 3115 CCCXXXVII
718 3062 806 3127 Polyb.
818 3065 921 3128 XXXI,
933 3071 979 3123 14,
994 3065 1035 3114 15.

168 3142 235 3208 Pigh.
754 3159 781 3204 9.
798 3144 893 3190 Mortuo
907 3142 1028 3191 Antiocho
1042 3143 1182 3209 Epiphane,
1189 3147 1226 3214 fi-

203 3222 228 3270 6.
239 3220 350 3286 Princeps
360 3233 457 3270 senatus
467 3222 539 3270 lectus
552 3223 588 3271 M.
598 3221 676 3271 AEmi·
719 3219 777 3268 lium
790 3221 841 3282 ejus
856 3220 1002 3270 Antiochum
1015 3225 1161 3288 Eupatorem
1173 3242 1227 3274 ctam

168 3300 213 3348 lius
226 3300 342 3363 Lepidus,
357 3317 422 3350 nunc
435 3310 547 3365 quartum
561 3300 627 3367 (vide
644 3300 676 3350 ad
719 3299 792 3363 Lysia
807 3311 884 3348 attere
894 3300 1028 3350 Demetrius
1043 3304 1122 3362 Soter,
1136 3304 1229 3352 Seleuci

168 3378 286 3437 Liaxt,
298 3380 345 3438 51,
357 3381 426 3439 XLI,
444 3381 596 3441 27311111,
612 3379 675 3447 15),
719 3379 884 3445 Philopatoris
886 3380 971 3447 filius,
987 3381 1031 3446 qui
1047 3384 1130 3430 Romae
1148 3383 1227 3442 obses,

168 3457 257 3506 deinde
279 3457 317 3505 bis
339 3455 410 3521 (rid.
430 3459 498 3523 Epit.
522 3459 630 3518 XLVII,
651 3470 676 3508 et
720 3459 844 3507 etcconI.
861 3459 949 3524 Polyb.
964 3462 1122 3519 XXXI,12,
1138 3463 1226 3524 ¹9⁸²33

168 3535 304 3600 attunt),
320 3536 389 3601 qnod
405 3536 469 3586 haud
488 3538 556 3599 scio,
569 3554 601 3585 an
614 3539 675 3586 nulli
719 3540 834 3596 XXXII,
848 3546 911 3604 deq.
924 3541 1053 3599 XXXIII,
1070 3548 1110 3595 rt.

167 3625 256 3679 praeter
267 3630 324 3661 enm
335 3616 482 3680 ·contigerit;
492 3616 557 3664 nuk.
758 3634 796 3666 ro.
809 3620 834 3665 L.
845 3617 943 3666 AErrilic
953 3619 1042 3666 Paullo
1055 3629 1149 3666 raortuo
1155 3654 1163 3676 ,
1174 3631 1227 3668 taa-

204 3709 228 3752 p.
238 3693 380 3744 Ptolemaeus
399 3711 444 3742 rea:
463 3695 576 3760 Egypti,
590 3694 675 3758 pulsus
720 3707 746 3744 tu
757 3695 807 3760 ejus
820 3691 966 3744 abstinentia
972 3695 1044 3761 ficit,
1058 3709 1099 3754 ut,
1109 3715 1183 3760 quum
1195 3716 1230 3748 ea·

168 3787 242 3835 regno
251 3787 268 3817 a
282 3770 476 3835 miuorejratrer
488 3773 523 3820 sic
537 3784 586 3820 tres
598 3775 675 3822 Gron.
720 3774 839 3839 Hispania
847 3787 872 3822 et
882 3775 978 3824 Maced.
982 3811 991 3833 ‚
1004 3787 1050 3826 etc.
1061 3779 1127 3826 conf.
1138 3780 1227 3844 Polyb.

168 3851 241 3906 MSS,
256 3861 281 3898 et
293 3850 375 3913 plures
386 3848 427 3898 ulii
437 3851 504 3915 apud
514 3851 589 3902 Druk.
602 3852 676 3917 vulgo
719 3855 824 3913 XVIII,
837 3855 882 3913 18,
892 3855 1007 3912 XXXII,
1018 3855 1049 3912 8,
1065 3863 1111 3913 143
1121 3857 1227 3910 Diodor.

168 3929 311 3978 Ptolemaeus
320 3928 487 3992 AEgypticrum
496 3946 578 3987 rema
586 3930 676 3979 minore
719 3949 774 3998 pag.
789 3932 928 3991 32631³tua
942 3933 1021 3982 AEmil.
1037 3936 1073 3982 Ex
1086 3933 1110 3982 lt.
1122 3936 1139 3983 l.
1152 3938 1226 4003 vulgo

161 4009 244 4073 fratre
260 4022 361 4070 eregrto
374 4008 469 4071 pulsus.
487 4008 550 4069 Sed,
564 4009 676 4064 observat
719 4012 851 4074 colligitur,
866 4027 921 4060 eum
941 4023 977 4061 ter
993 4012 1158 4077 triumphasse.
1179 4019 1227 4066 Sed

169 4087 252 4146 Creu,
264 4085 291 4138 si
304 4086 472 4150 AEgypea'oram
489 4088 559 4137 nimis
578 4091 675 4154 empha·
719 4091 769 4138 vid.
781 4091 855 4139 Paria.
866 4090 947 4138 Anim.
956 4090 1019 4141 llist.
1029 4108 1082 4156 cap.
1093 4095 1123 4154 6,
1132 4112 1156 4158 p.
1167 4112 1228 4156 arr,
