2972 4720
252 418 299 489 86
670 420 709 483 T.
743 418 883 486 L1v11
1167 402 1288 504 3232}ss

249 543 382 631 afferre
398 564 521 636 posse,
549 537 682 635 quibus
700 561 774 606 non
798 542 933 606 amissa
955 538 1063 607 modo
1084 563 1312 636 recuperare,

248 649 315 721 sed
326 643 500 720 timendus
514 647 605 718 ultro
619 654 667 716 iis
677 671 767 733 esse,
788 671 880 743 quos
896 673 992 717 nunc
1011 654 1149 718 timeret
1158 703 1168 735 ,
1178 669 1311 748 posset.

249 766 426 832 Caeterum
445 757 561 828 multo
579 757 695 851 major
713 781 795 854 pars
812 754 996 828 ferocioris
1014 761 1198 830 sententiae
1216 777 1312 832 erat:

254 869 444 970 Quidquid
462 873 636 952 cessisset,
659 891 740 936 cum
760 891 804 936 eo
822 867 933 936 simul
946 891 1057 967 regno
1070 883 1246 963 protenus
1260 897 1315 940 ce-

250 980 409 1051 dendum
428 1003 521 1064 esse,
543 975 779 1048 affirmabant.
799 981 927 1076 Neque
943 984 1037 1048 enim
1052 982 1234 1050 Romanos
1243 1007 1314 1077 pe-

172 1183 174 1192 X
252 1095 361 1162 cunia
377 1107 443 1159 aut
460 1112 549 1184 agro
564 1111 686 1183 egcre,·
704 1087 770 1156 sed
785 1086 850 1158 boc
865 1093 974 1171 scire,
994 1113 1103 1187 quum
1119 1096 1242 1159 omnia
1256 1091 1315 1160 bu-

251 1225 378 1285 mana,
408 1215 482 1268 turn
499 1202 665 1268 maxima
684 1195 839 1294 quaque
853 1212 887 1265 et
902 1221 1012 1293 regna
1030 1213 1065 1266 ct
1087 1205 1229 1297 impen'a
1248 1201 1315 1270 sub

250 1310 394 1380 casibus
418 1307 536 1378 multis
563 1332 664 1378 csse:
695 1305 1038 1402 Carthaginiensium
1062 1334 1147 1407 opes
1158 1313 1316 1407 fregisse

249 1415 361 1504 sese3,
381 1437 416 1489 et
433 1417 625 1488 cervicibus
643 1441 766 1488 eorum
777 1433 1034 1514 proepotentem
1042 1421 1244 1514 finitimum
1257 1447 1314 1491 re-

246 1554 329 1624 gem
348 1534 577 1625 imposuisse:
593 1527 814 1598 Antiochum
827 1534 1106 1625 progeniemque
1126 1531 1203 1625 ejus
1221 1535 1315 1602 ultra
1364 1543 1371 1554 '

130 1728 134 1737 Ι
239 1643 334 1736 juga
351 1643 465 1708 Tauri
476 1651 662 1708 remotum.
684 1641 803 1706 Unum
819 1662 893 1706 esse
907 1638 1132 1710 Macedoniae
1145 1665 1314 1735 regnum,

250 1765 288 1821 et
309 1755 450 1846 regione
468 1755 739 1846 propinquum,
767 1763 803 1816 et
820 1748 924 1843 quod
934 1801 943 1832 ,
969 1746 1083 1819 sicubi
1092 1750 1238 1846 populo
1259 1777 1316 1822 ro-

250 1885 362 1931 mano
389 1884 456 1929 sua
474 1855 797 1949 fortunalabeti,
821 1864 986 1958 antiquos
1010 1867 1150 1930 animos
1174 1861 1317 1956 regibus

249 1975 323 2040 suis
340 1969 508 2038 videatur
520 1992 629 2070 posse
638 1969 782 2057 facere.
808 1969 907 2037 Dum
929 1973 1075 2067 integrae
1096 1993 1151 2038 res
1164 1967 1195 2000 *²*
1216 1971 1321 2068 apud

252 2086 417 2149 animum
439 2103 544 2148 suum
571 2081 707 2147 Persea
732 2075 862 2146 debere
870 2109 885 2162 ,·
907 2093 1047 2164 utrum,
1072 2077 1216 2174 singula
1235 2103 1317 2151 con-

252 2189 435 2274 cedenda,
463 2186 622 2258 nudatus
647 2186 701 2256 ad
724 2199 926 2256 extremum
950 2187 1075 2282 opibus
1094 2195 1318 2287 extorrisque

252 2325 384 2398 regna,
410 2297 697 2369 Samothraciam
722 2299 875 2365 aliamve
892 2321 998 2393 quarn
1022 2297 1180 2369 insulam
1195 2315 1318 2395 petere

251 2411 301 2486 ab
315 2415 502 2496 Romanis,
524 2407 588 2480 ubi
598 2412 764 2504 privatus
782 2423 959 2502 superstes
973 2431 1084 2502 regno
1100 2433 1167 2479 suo
1182 2415 1220 2479 in
1234 2431 1317 2480 con·

250 2539 385 2618 temptu
403 2537 510 2617 atque
526 2523 652 2614 inopia
666 2532 913 2603 consenescat,
930 2517 1053 2604 malit,·
1070 2543 1139 2606 an,
1158 2535 1322 2590 armatus·

249 2629 390 2700 vindex
404 2631 572 2719 fortuna
593 2626 846 2725 dignitatisque
863 2651 959 2710 suoe,
990 2631 1041 2697 ita
1067 2643 1106 2696 ut
1128 2635 1209 2698 uiro
1221 2632 1321 2719 sorti

251 2741 400 2837 dignum
414 2744 479 2826 sit,
495 2744 672 2832 patiatur,
691 2737 947 2837 quodcumque
965 2762 1068 2808 casus
1085 2737 1172 2809 belli
1184 2739 1318 2827 tulerit,

251 2867 317 2924 aut
342 2856 459 2921 uictor
488 2847 616 2918 liberet
643 2847 766 2917 orbem
795 2862 972 2916 terrarum
1002 2847 1051 2916 ab
1083 2853 1230 2944 imperio
1259 2874 1317 2918 ro-

251 2988 372 3052 mano..
389 2966 476 3035 Non
491 2983 565 3030 esse
578 2956 830 3036 admirabilius
849 2962 1034 3028 Romanos
1053 2961 1195 3056 Gracia
1205 2959 1316 3055 pelli,

252 3098 363 3174 quarn
385 3069 633 3150 Hannibalem
655 3068 765 3150 ltalia
774 3067 927 3165 pulsum
953 3093 1036 3137 csse.
1061 3073 1202 3165 Neque,
1226 3073 1317 3138 Her·

255 3184 355 3270 cale,
378 3181 520 3267 uidere,
542 3188 609 3277 qui
627 3177 828 3264 conveniat,
837 3180 971 3268 fratri,
993 3178 1252 3276 afflictantiper
1266 3187 1317 3249 in·

244 3296 389 3389 jurium
403 3315 570 3386 regnum,
591 3315 732 3374 summa
750 3294 792 3368 ui
809 3294 973 3370 restitisse
978 3323 992 3377 ‚·
1010 3286 1215 3390 alienigenis
1230 3288 1320 3360 bene

254 3511 413 3567 multisesse,
429 3511 595 3576 provulgari:
609 3509 763 3559 multiseasi-
809 3511 858 3570 533
885 3512 1039 3567 XXXVIII,
1062 3523 1110 3571 su,
1126 3519 1169 3570 47,
1193 3513 1239 3568 48,
1269 3511 1316 3569 53;

254 3589 297 3636 bus
305 3588 414 3654 subjecta
423 3600 447 3636 et
455 3589 567 3652 exposita
578 3605 636 3638 esse.
647 3593 692 3638 En.
807 3591 879 3649 XLI,
905 3606 956 3648 αι,
977 3591 1056 3647 XLV,
1082 3589 1131 3648 153
1154 3590 1267 3638 Gronov.
1294 3601 1339 3637 ct*

290 3669 316 3717 3.
331 3667 567 3732 Carthaginiensium
586 3685 643 3732 opes
660 3667 763 3732 fregisse
806 3668 931 3715 Dcnkenb.

254 3765 304 3796 sese
313 3783 320 3803 ,
331 3765 366 3798 sc.
376 3747 437 3795 scire
449 3749 588 3805 Romanos,
600 3761 625 3796 et
635 3748 763 3796 cervicibus
843 3754 869 3801 4.
882 3745 965 3794 Sicubi
970 3746 1062 3809 populo
1071 3761 1174 3792 ronzano
1184 3761 1229 3793 sua
1231 3745 1318 3811 forus·

254 3843 338 3874 eorum
355 3825 494 3890 imposuisse
505 3825 579 3891 (vide
597 3828 628 3874 ad
645 3829 697 3886 ΙΙΙ,
717 3829 763 3885 31,
807 3841 841 3872 na
850 3826 933 3884 Iabet;
943 3825 999 3874 vide
1009 3842 1063 3890 sup.
1073 3826 1104 3873 ad
1113 3824 1202 3872 librum
1211 3859 1219 3884 ,
1229 3827 1258 3884 1,
1269 3825 1319 3884 ⁵6,

254 3922 280 3953 ιι.
298 3904 321 3969 s)
327 3915 504 3968 praepotentem
515 3905 649 3971 finitimum
667 3921 760 3970 regem,
806 3921 831 3951 n.
845 3920 883 3962 10,
893 3916 917 3952 et
925 3907 959 3963 11,
973 3905 1015 3967 39,
1024 3921 1050 3952 n.
1061 3919 1086 3966 9.
1095 3903 1179 3950 Sicubi
1189 3906 1214 3951 Ρ.
1223 3905 1252 3953 lt.
1263 3902 1318 3951 edd.

254 3983 415 4032 Masinissam.
428 4009 464 4020 -
480 3983 548 4031 Ultra
563 3985 625 4049 juga
637 3983 713 4030 Tauri
727 3999 763 4030 re·
806 3994 862 4032 ante
876 3984 961 4049 Sigon.
979 3984 1022 4048 qui
1043 3995 1114 4031 notas
1133 3982 1195 4030 male
1213 3981 1319 4046 populus

256 4073 358 4117 motum,
372 4073 400 4108 ut
411 4064 493 4120 xm,
509 4070 559 4121 tu,
572 4079 599 4110 n.
613 4071 636 4118 4.
649 4062 703 4110 'Sed
716 4061 762 4125 leg.
807 4057 922 4110 rainarius
933 4061 1049 4111 reddidit.
1059 4062 1128 4110 Idem
1139 4077 1198 4108 mox
1207 4060 1319 4108 lacunam
1335 4077 1340 4082 ·

255 4153 374 4200 ensotmn,
395 4152 421 4195 ut
438 4141 531 4199 XXX,
557 4143 605 4203 233
623 4141 763 4202 mvn,
808 4141 841 4188 ita
858 4142 960 4208 explet:
984 4143 1048 4188 Dans
1072 4140 1173 4207 integra
1196 4155 1235 4188 res
1251 4137 1317 4194 sint,
