2970 4712
260 353 329 435 aaa
690 361 895 462 nsmvu
1168 337 1289 446 atat:

258 474 415 570 primum
439 474 477 545 id
501 476 618 572 legere
638 476 751 570 jubet.
773 478 914 568 Quibus
935 479 1119 576 perlectis,
1145 499 1260 574 quum
1278 501 1315 548 se

260 582 582 672 consideraturum,
597 585 763 658 adhibitis
774 589 912 673 amicis,
927 588 1014 686 quid
1030 587 1232 660 faciendum
1248 585 1314 657 sibi

259 706 373 780 esset,
387 693 545 781 dixisset3
557 695 746 792 Popillius,
759 721 826 794 pro
842 711 967 769 caetcra
984 699 1174 795 asperitate
1187 697 1313 782 animi,

258 802 374 897 virga,
392 828 501 898 quam
519 805 558 874 in
574 828 684 876 manu
701 806 868 902 gerebat,
882 807 1157 903 circumscripsit
1176 829 1314 900 regem,

260 933 320 995 ac,
342 939 358 974 α
372 913 471 982 Prius
490 937 598 1009 quam
616 914 687 985 hoc
703 915 838 986 circulo
853 915 1025 1003 excedas,
1042 915 1183 1011 inquit,
1203 913 1314 984 redde

257 1042 521 1117 «responsum,
543 1026 684 1095 senatui
706 1024 806 1122 quod
826 1023 977 1096 referam
990 1055 1016 1094 >a
1038 1021 1315 1121 obstupefactus

171 1167 175 1188 ·
259 1142 331 1198 tam
363 1130 521 1203 violento
554 1134 707 1230 imperio
737 1158 932 1232 parumper
960 1159 1075 1231 quum
1104 1134 1314 1220 haesitasset,

258 1243 446 1326 «Faciam,
463 1243 602 1338 inquit,
620 1241 720 1340 quod
733 1259 855 1317 censet
867 1260 1046 1316 senatus».
1064 1248 1155 1314 Tum
1170 1242 1314 1315 demum

259 1351 431 1448 Popillius
451 1352 612 1425 dextram
632 1358 723 1450 regi,
739 1368 911 1451 tauquam
934 1355 1031 1426 socio
1049 1369 1158 1450 atque
1179 1353 1314 1436 amico,

257 1462 427 1557 porrexit.
450 1463 517 1532 Die
545 1463 676 1535 deinde
698 1462 799 1534 finita
817 1489 930 1561 quum
946 1465 1153 1536 excessisset
1166 1468 1314 1559 AEgypto

258 1570 480 1658 Antiochus,
509 1572 639 1669 legati,
665 1573 858 1646 concordia
884 1575 990 1646 etiam
1019 1570 1228 1645 auctoritate
1252 1595 1316 1641 sua

257 1680 352 1751 inter
371 1679 497 1759 fratres
515 1681 678 1772 firmata,
700 1685 795 1755 inter
820 1707 912 1780 quos
935 1682 1082 1753 vixdum
1101 1695 1316 1752 convenerat

258 1812 347 1885 pax,
377 1793 537 1887 Cyprum
566 1795 768 1891 navigantl,
797 1807 832 1864 et
858 1791 964 1881 inde,
989 1792 1158 1889 quaejam
1184 1793 1315 1861 vicerat

258 1898 379 1995 praelio
398 1902 578 1999 AEgyptias
599 1927 729 1990 naves,
753 1902 900 1974 classem
921 1901 1099 1972 Antiocho
1118 1898 1313 1969 dimittunt.

258 2006 359 2077 Clara
386 2033 428 2078 ea
455 2033 520 2106 per
546 2025 671 2108 gentes
697 2013 827 2109 legatio
853 2009 943 2097 fuit,
967 2010 1067 2107 quod
1089 2006 1315 2078 hauddubie

258 2114 424 2213 adempta
447 2119 625 2191 Antiocho
645 2124 817 2218 AEgyptus
836 2119 984 2192 habenti
1001 2120 1094 2214 jam,
1115 2117 1315 2198 redditum-

258 2247 329 2319 que
352 2227 508 2321 patrium
531 2253 682 2325 regnum
704 2231 805 2328 stirpi
829 2230 1008 2301 Ptolemaei
1027 2227 1152 2301 fuerat.
1173 2231 1314 2299 Consu·

258 2332 333 2403 lum
352 2335 429 2429 ejus
448 2338 550 2426 anni,
570 2339 660 2409 sicut
676 2338 821 2410 alterius
839 2340 957 2410 clarus
971 2338 1175 2412 consulatus
1187 2337 1316 2432 insigni

258 2444 424 2530 victoria,
443 2447 491 2518 ita
505 2446 649 2520 alterius
666 2447 821 2519 obscura
835 2447 944 2536 fama,
963 2447 1048 2544 quia
1057 2436 1245 2516 *materiam
1259 2469 1314 2516 res

259 2554 405 2648 gerendi
417 2580 492 2626 nou
509 2555 645 2628 habuit.
664 2562 741 2628 iam
756 2559 912 2654 primum
928 2579 1041 2653 quum
1054 2553 1256 2650 legionibus
1270 2553 1315 2622 ad

259 2664 544 2736 conveniendum
569 2666 662 2736 diem
690 2666 780 2738 dixit
792 2662 818 2756 ⁵,
840 2691 916 2737 non
938 2665 1119 2764 auspicato
1141 2663 1314 2760 templum

259 2902 385 2968 Apophth.
397 2918 454 2968 pag.
464 2919 527 2963 ποις
540 2903 631 2953 Justin.
642 2905 764 2962 mlv,
808 2903 866 2951 dum
884 2913 1027 2951 convenerat
1043 2917 1098 2966 pax
1108 2900 1182 2965 (vids
1199 2900 1231 2948 sd
1245 2903 1271 2963 1,
1285 2901 1314 2957 3,

259 2983 286 3040 3,
300 2999 326 3030 ιι.
342 2982 551 3047 &Proscriptum
561 2999 593 3031 ex
605 2982 704 3046 Polyb,
715 2984 764 3030 Va·
807 2999 833 3030 ιι.
844 2981 893 3048 t),
914 2982 1017 3046 Cyprum
1032 2980 1162 3044 navigant,
1183 2989 1228 3027 etc.
1249 2979 1314 3027 conl.

258 3061 300 3108 ler.
315 3073 340 3110 et
357 3062 448 3110 Justini
467 3061 494 3110 ll.
513 3061 539 3109 ll.
563 3061 693 3126 legendum
713 3077 765 3108 esse
808 3061 897 3126 Polyb.
914 3047 1017 3120 xm,
1032 3075 1072 3108 11.
1089 3061 1136 3106 Pro
1149 3059 1217 3124 vulg.
1233 3074 1315 3106 conve-

257 3138 344 3186 SCtuvn
356 3151 399 3199 sut
415 3141 499 3205 potins
510 3139 554 3189 SC.
569 3139 683 3205 scriptum
690 3176 698 3198 ,
714 3142 764 3202 jam
809 3151 893 3197 norat,
909 3155 969 3204 pars
979 3139 1083 3202 Cyprum
1093 3137 1223 3202 navigant,
1236 3138 1314 3201 recepi

258 3221 382 3280 conjacere
395 3222 479 3268 Ursin.
489 3232 514 3268 ct
526 3219 663 3282 Schweigh.
676 3219 706 3276 sd
718 3221 765 3268 Po·
809 3218 904 3267 emend.
923 3219 977 3266 Jac.
993 3217 1070 3264 Petis.
1085 3217 1127 3279 qui
1143 3200 1194 3277 jani
1207 3218 1314 3274 monuit,

256 3295 309 3360 lyb.
329 3298 346 3344 l,
366 3298 383 3346 l.
406 3299 492 3361 hisque
518 3299 645 3363 suffragari
668 3298 763 3350 malim,
808 3297 835 3342 in
848 3295 1100 3360 MSS,lapidibusac
1116 3294 1219 3341 nummis
1233 3297 1317 3342 PAXS

258 3391 331 3439 quam
342 3377 466 3435 Ernestio,
480 3377 523 3439 qni
534 3376 651 3440 putabat,
665 3377 765 3424 verbum
808 3375 900 3432 scribi,
907 3391 953 3422 nec
964 3374 1097 3438 quidquam
1107 3390 1121 3420 a
1134 3373 1204 3421 Livio
1217 3383 1259 3421 aut
1269 3376 1315 3421 Po·

258 3453 445 3517 circumscripsit
457 3457 520 3502 tueri
528 3455 594 3518 vulg.
605 3455 676 3513 lect,
686 3467 710 3502 et
719 3471 767 3503 ms·
808 3454 861 3517 lyb.
872 3455 1001 3502 memorari
1010 3453 1040 3502 de
1054 3453 1127 3501 altera
1136 3463 1203 3516 parte
1216 3452 1314 3516 legatio·

258 3533 345 3582 niieste
353 3533 520 3597 eleganterque
528 3532 580 3581 haec
592 3534 642 3582 duo
651 3533 683 3582 ad
692 3551 717 3582 sc
727 3535 766 3580 in-
808 3533 861 3591 nis;
871 3549 923 3580 sam
936 3549 1034 3597 quoqne
1049 3534 1122 3580 trium
1137 3543 1231 3580 tantum
1244 3533 1315 3580 fuisse

258 3613 335 3660 vicem
352 3611 443 3658 referri.
460 3611 501 3659 Cn.
517 3611 642 3659 Octavium
656 3627 702 3675 pro
716 3615 764 3659 Po·
808 3611 949 3669 hominum,
961 3623 985 3659 et
997 3623 1082 3659 caetera
1092 3612 1174 3659 omnia
1185 3611 1314 3659 commutti-

253 3690 324 3752 pillio
336 3689 445 3738 nominat
456 3688 519 3737 Pliu.
534 3689 551 3736 l.
564 3706 585 3739 c.
603 3690 647 3738 ubi
660 3706 715 3738 snm
728 3691 764 3738 di·
810 3701 846 3738 ter
863 3691 947 3755 egisse.
969 3691 1043 3740 Conl,
1061 3691 1137 3738 Grou.
1156 3681 1240 3739 Diatr.⁴
1256 3694 1314 3739 Stat.

253 3785 337 3815 versas
351 3769 500 3816 narrationes
509 3769 561 3817 Cic.
575 3768 637 3816 Phil.
647 3769 721 3826 VllI,
736 3770 764 3827 8,
810 3785 863 3834 cap.
877 3771 930 3826 tii.v

259 3858 282 3894 et
307 3850 359 3905 tx,
382 3865 412 3904 ι,
436 3846 574 3894 confudisse
592 3847 642 3908 jam
669 3848 763 3896 monuit
845 3850 869 3896 5.
897 3847 1037 3912 Legionibas
1066 3847 1103 3893 ad
1131 3847 1315 3894 conveniendum

258 3924 380 3973 Duilienh.
808 3925 872 3973 diem
883 3925 961 3985 dr'ait,·
975 3927 1031 3974 vide
1042 3926 1073 3972 ad
1085 3927 1194 3984 XXXV,
1206 3928 1236 3984 3,
1252 3941 1276 3973 n.
1291 3941 1314 3972 a.

295 4012 318 4058 l.
332 4004 418 4067 Legati
430 4003 502 4067 (vide
516 4003 546 4050 ad
560 4019 612 4067 cap.
630 4019 673 4062 ro,
688 4021 712 4052 n.
732 4003 762 4066 a)
808 4032 843 4041 -
853 4007 908 4052 Non
922 3993 1048 4067 auspicato
1068 4005 1182 4067 templum
1201 4003 1312 4058 intravit,

256 4081 387 4153 concordia
404 4081 517 4129 ctiam...
545 4082 683 4146 intorques
706 4082 763 4130 atis·
808 4083 971 4147 Capitolium,
985 4092 1041 4131 sota
1062 4092 1245 4146 nuncupaturus
1260 4091 1315 4129 sute
