2972 4720
241 412 283 481 72
671 389 864 457 rnvn
1161 371 1274 474 titt:

236 509 371 606 «queri
388 508 455 578 sibi
473 507 641 580 accidisse
651 518 679 596 ⁹,
697 509 761 604 qui
779 507 987 580 causabelli
1002 507 1095 579 fuit?
1115 513 1196 583 Non
1220 537 1301 584 sum

237 650 254 684 α
268 619 397 690 eodem
427 617 537 689 modo
562 615 796 706 defensurus,
821 619 995 702 Romani,
1017 617 1117 715 quod
1141 620 1301 719 Dolopas

236 731 374 801 «armis
397 730 636 815 coercuerim,
663 728 768 825 qnia,
801 730 867 800 etsi
898 751 971 797 non
999 729 1128 799 merito
1151 755 1305 818 eorum,

237 869 254 904 «
265 842 348 935 jure
360 837 430 910 feci
444 863 545 925 me03
559 863 673 936 quum
688 841 759 908 mei
774 839 892 935 regni,
907 863 994 908 meae
1005 837 1152 910 ditionis
1166 856 1300 926 essent,

236 980 252 1014 a
266 965 386 1021 vestro
401 949 545 1022 decreto
560 951 654 1048 patri
667 948 831 1020 attributi
843 973 937 1019 meo.
957 951 1050 1036 Nec,
1064 950 1093 1019 si
1107 975 1213 1022 causa
1225 952 1301 1024 red·

236 1065 257 1124 «'
267 1058 384 1130 denda
402 1060 463 1144 sit,
484 1084 558 1129 non
574 1058 697 1145 vobis,
718 1081 785 1128 nec
801 1055 1003 1146 foederatis,
1019 1059 1081 1130 sed
1096 1061 1159 1148 iis,
1176 1064 1300 1159 quine

237 1171 305 1238 «in'
328 1192 448 1240 servos
473 1167 619 1265 quidem
647 1192 735 1238 saeva
759 1183 868 1264 atque
892 1168 1024 1263 injusta
1048 1170 1198 1269 imperia
1215 1196 1300 1270 pro-

238 1309 255 1344 «
269 1279 374 1367 bant,
392 1280 474 1377 plus
492 1303 598 1376 aequo
619 1294 655 1349 et
672 1278 771 1349 bono
793 1279 929 1348 saevisse
951 1279 987 1348 in
1009 1291 1071 1351 eos
1088 1279 1200 1351 videri
1219 1306 1300 1378 pos-

238 1415 371 1460 «sum:
391 1391 528 1488 quippe
545 1387 822 1486 Euphanorem,
844 1385 1052 1485 praefectum
1071 1414 1167 1460 ame
1189 1392 1302 1488 impo-

237 1529 254 1564 «
268 1500 397 1584 situm,
418 1503 466 1570 ita
485 1498 716 1584 occiderunt,
735 1512 774 1567 ut
792 1521 889 1567 mors
905 1522 1096 1595 poeriarum
1112 1499 1189 1594 ejus
1203 1501 1302 1574 levis-

239 1611 358 1680 «sima
377 1608 510 1691 fuerit

286 1725 394 1792 XLII.
421 1726 514 1806 «At,
542 1739 657 1817 quum
684 1721 934 1819 processissem
963 1719 1047 1796 inde
1074 1721 1117 1792 ad
1140 1724 1302 1794 visendas

237 1833 442 1902 «Larissam
460 1847 495 1902 et
513 1837 674 1902 Antrona
692 1845 727 1902 et
743 1831 889 1928 Pylleon
901 1841 926 1913 ¹,
946 1855 1021 1927 quo
1040 1833 1076 1901 in
1093 1833 1302 1930 propinquo

239 1971 257 2004 «
270 1939 388 2010 multo
403 1955 485 2011 ante
503 1939 625 2010 debita
642 1955 725 2010 vota
739 1939 1001 2039 persolverem,
1019 1940 1181 2038 Delphos
1196 1945 1303 2044 sacri·

240 2049 403 2120 «licendi
431 2073 535 2119 causa
566 2048 744 2120 ascendi2.
777 2053 822 2118 Et
849 2048 933 2137 hic,
962 2051 1119 2120 criminis
1149 2051 1302 2147 augendi

241 2182 397 2246 «causa,
419 2182 502 2229 cum
520 2159 679 2228 exercitu
697 2183 756 2228 me
774 2156 882 2229 fuisse
898 2158 1079 2254 adjicitur3
1098 2161 1231 2233 scilicet
1244 2177 1302 2250 ut,

241 2301 257 2334 «
272 2269 371 2365 quod
398 2291 496 2338 nunc
527 2293 591 2339 vos
620 2266 737 2339 facere
762 2293 907 2364 queror,
935 2268 1044 2341 urbes
1071 2296 1303 2369 occuparem,

240 2377 413 2448 «arcibus
439 2377 664 2475 imponerem
691 2375 866 2474 praesidia.
892 2383 1025 2450 Vocate
1048 2382 1086 2450 in
1112 2383 1302 2454 concilium

240 2519 256 2552 «
273 2488 415 2558 Graeciae
436 2487 613 2574 civitates,
632 2510 698 2584 per
719 2511 808 2583 quas
828 2489 896 2556 iter
916 2484 1001 2575 feci3
1018 2506 1192 2584 queratur
1210 2516 1304 2563 unus

240 2596 425 2694 «quilibet
445 2595 567 2666 militis
588 2597 658 2667 mei
682 2596 868 2696 injuriam:
892 2621 966 2666 non
984 2599 1177 2685 recusabo,
1196 2603 1304 2697 quin,

242 2706 439 2777 «simulato
471 2703 666 2792 sacrificio,
690 2704 786 2775 aliud
813 2708 942 2803 petisse
971 2705 1100 2778 videar.
1121 2711 1243 2782 AEtolis
1270 2729 1305 2783 et

242 2850 258 2883 «
274 2811 473 2913 Byzantiis³
497 2812 659 2911 praesidia
679 2815 857 2900 misimm,
879 2827 915 2882 ot
936 2837 1016 2884 cum
1035 2817 1169 2889 Boeotis
1183 2819 1304 2889 amici-

242 2929 357 3000 «tiam
374 2924 535 2997 fecimus.
552 2929 656 3012 Haec,
676 2924 951 3022 qualiacumque
969 2939 1073 3013 sunt,
1092 2949 1158 3022 per
1169 2927 1305 3024 legatos

279 3204 304 3250 9.
334 3185 411 3248 Quid,
437 3201 494 3246 cur,
516 3185 656 3248 quomodo,
670 3195 754 3247 potest
797 3184 847 3243 nis,
864 3196 892 3232 nt
910 3185 981 3232 etiam
995 3196 1023 3232 ae
1041 3186 1120 3243 enim,⁸
1142 3186 1209 3250 quod
1234 3187 1306 3236 docet

244 3265 326 3331 queri,
337 3263 384 3311 sibi
391 3263 522 3323 accidisse,
534 3279 568 3312 sc.
580 3279 674 3326 eaquae
683 3263 753 3310 victis
797 3262 922 3310 Drakenb.
941 3263 973 3311 asl
988 3263 1013 3312 b.
1026 3263 1059 3324 l.,
1076 3265 1106 3311 ad
1118 3267 1241 3326 xxm,
1255 3266 1285 3314 a«
1297 3301 1303 3325 ,

243 3335 374 3399 accidunt;
385 3340 460 3388 Drali.
476 3340 629 3405 Fortequid
642 3356 689 3406 pro
707 3341 753 3388 ali·
798 3341 855 3406 56,
869 3352 893 3389 et
901 3344 1028 3401 xxm,
1040 3345 1081 3404 37,
1093 3343 1109 3408 s
1122 3360 1161 3391 ra.

246 3421 321 3487 quid,
333 3420 372 3466 vel
384 3419 482 3483 potius:
495 3418 554 3480 quid
567 3431 617 3479 est,
630 3418 697 3482 qnod
707 3418 755 3466 sibi
834 3420 969 3484 a.DeIplios
977 3422 1136 3488 sacrficandi
1143 3439 1307 3472 consuescen-

246 3499 362 3548 accidisse
372 3498 442 3560 queri
453 3495 548 3560 possit?
799 3499 842 3555 di,·
859 3499 916 3546 virle
942 3500 972 3547 atl
991 3504 1061 3561 XLI,
1081 3518 1130 3561 aa,
1149 3519 1174 3551 n.
1194 3504 1261 3550 3.-
1274 3505 1308 3551 Et

279 3577 430 3628 Canxffl.
443 3573 771 3624 commmunione
799 3576 876 3630 laic...
900 3593 954 3624 cum
972 3579 1078 3628 exercita
1099 3597 1137 3628 me
1145 3581 1227 3646 fiiisse
1241 3583 1306 3646 odfi-

243 3671 269 3716 ee
283 3657 398 3722 Pylleon,
414 3654 461 3724 leg.
477 3654 591 3700 Antrono
606 3664 630 3700 et
646 3655 754 3702 Pteleon.
799 3655 879 3712 citum·
906 3657 968 3705 forte
984 3658 1032 3724 leg.
1052 3659 1152 3725 officie,
1173 3673 1199 3708 ut
1219 3660 1259 3709 ti«
1276 3663 1308 3710 sit

246 3741 317 3788 uerte
324 3735 377 3782 hee
386 3732 432 3779 tria
441 3727 534 3795 oppida
541 3731 669 3780 Thessalia
683 3731 756 3782 liniti·
798 3750 951 3798 pronomen,
961 3755 996 3788 so.
1007 3741 1132 3800 Marcius,
1142 3735 1271 3801 διικτικῶς
1283 3756 1309 3792 et

246 3832 285 3864 ma
288 3816 425 3877 junguntur
430 3809 476 3858 inf.
485 3825 540 3873 cap.
552 3811 595 3870 673
603 3810 753 3875 apudstrab.
798 3818 965 3880 contemptim.
976 3819 1115 3867 —Scilicet
1132 3831 1172 3877 ut,
1192 3831 1239 3870 etc.
1252 3822 1308 3869 vide

246 3895 297 3952 11,
307 3891 437 3956 pagqu,
450 3889 481 3936 sl.
494 3889 554 3951 665,
565 3899 589 3936 et
601 3891 674 3939 Horu.
684 3889 753 3938 Iliad.
799 3893 830 3940 ad
840 3895 884 3956 tv,
898 3895 912 3942 5
919 3931 926 3958 ,
937 3913 962 3946 n.
980 3913 1004 3944 a.
1013 3925 1048 3934 -—
1060 3899 1226 3963 Unusquilibet
1233 3919 1243 3958 ;
1256 3901 1307 3951 vid.

246 3976 285 4033 11,
305 3971 369 4032 607,
386 3966 429 4015 ubi
448 3966 500 4015 «id.
516 3968 598 4032 Heyn.
619 3968 653 4019 Τὸ
676 3979 705 4015 ae
727 3968 754 4016 in
800 3972 877 4021 Gron.
889 3973 920 4020 ad
933 3971 989 4024 Sen.
1001 3977 1120 4027 Controv.
1131 3979 1173 4026 ²6.

243 4053 322 4117 princ.
334 4063 387 4110 cap.
397 4044 498 4094 inueni
506 4045 673 4110 proponendis
684 4063 754 4095 exce·
834 4052 858 4104 3.
877 4053 965 4102 AEeolis
985 4065 1010 4101 et
1018 4057 1159 4119 Byzantiis,
1175 4069 1221 4107 etc.
1240 4061 1306 4107 conl.

241 4127 368 4196 prioribus
386 4121 468 4180 «triave
486 4123 607 4188 “pillbm
623 4127 753 4174 accumin-
798 4130 904 4196 Appias.
918 4133 1006 4182 Maced
1028 4137 1088 4184 Exc.
1103 4137 1188 4197 XXV,
1198 4153 1230 4200 9,
1241 4154 1266 4188 n.
1283 4141 1307 4186 3.
