2984 4706
170 400 297 505 lilltll
338 423 428 488 nm.
455 423 591 490 narr.
619 426 725 492 can
753 427 896 494 xnus.
923 428 1062 496 xxru
1135 453 1200 498 ,ιι

136 540 559 637 jusjurandumaPersco
570 543 785 642 obsidesque
798 547 963 643 exigeret.
975 552 1067 620 Cum
1077 550 1206 621 eodem
1287 595 1292 602 .

142 651 187 722 ad
206 655 395 750 pecuniam
413 652 653 751 accipiendam
668 655 876 744 missisunt,
893 672 944 744 et,
961 674 1106 732 auctore
1115 665 1208 731 *Pan-

141 762 295 847 tancho,
320 765 383 859 qui
398 762 567 833 Rhodum
585 764 689 860 legati
706 789 788 835 cum
813 765 1071 838 Macedonibus
1097 770 1207 854 irent,

141 875 332 944 Parmenio
355 859 405 943 etss
414 877 559 944 Morcus
579 872 812 945 destinantur.
834 874 975 963 Quibus
999 879 1047 948 ita
1064 878 1208 951 manda·

143 987 245 1068 tum,
268 985 343 1068 uti,
366 981 599 1078 jurejurando
627 981 889 1080 obsidibusque
916 999 953 1056 et
976 987 1129 1082 pecunia
1154 1012 1209 1058 ac·

143 1107 263 1189 cepta,
274 1107 352 1162 tum
365 1090 511 1163 demum
524 1091 693 1162 Rhodum
705 1092 1039 1190 proficiscerentur:
1054 1096 1210 1168 duorum
1246 1133 1250 1141 ·

142 1201 255 1274 simul
264 1227 389 1298 regam
402 1208 547 1294 nomine
560 1207 703 1272 incitari
712 1202 872 1274 Rhodios
885 1202 939 1273 ad
948 1203 1081 1275 bellam
1091 1231 1210 1276 roma·

144 1337 233 1384 num
243 1337 364 1409 posse.
389 1311 611 1405 Adjanctam
629 1316 824 1400 civitatem,
840 1337 955 1410 penes
972 1340 1080 1411 qaam
1099 1341 1211 1386 unam

144 1439 220 1512 tum
236 1429 291 1493 rei
301 1421 440 1496 navalis
449 1420 567 1518 gloria
586 1437 690 1507 esset,
708 1447 773 1492 nec
790 1439 901 1506 terra,
923 1449 988 1494 nec
1005 1431 1211 1524 marispem

143 1532 348 1604 relicturam
370 1537 552 1605 Romanas.
568 1530 804 1604 Venientibus
823 1533 951 1629 Illyriis
970 1539 1138 1624 Perseus,
1165 1536 1210 1606 ab

145 1645 283 1741 Enipeo
301 1645 396 1714 amni
414 1668 458 1714 ex
475 1643 597 1714 castris
614 1667 696 1712 cum
714 1643 814 1712 omni
830 1644 993 1739 equitatu
1005 1643 1207 1742 profectuS,

113 1839 116 1847 f
145 1754 188 1826 ad
199 1755 333 1825 Diumo
347 1755 488 1825 courrit.
507 1752 562 1824 Ibi
582 1777 643 1839 ea,
663 1777 742 1849 quae
760 1751 1040 1841 convenerant³‚
1059 1757 1208 1825 circum-

145 1862 226 1934 fuso
245 1864 385 1962 agmine
410 1865 573 1960 equiturn
592 1861 702 1949 lacta,
724 1886 816 1958 quos
835 1862 957 1935 adesse
981 1863 1109 1938 foederi
1130 1891 1209 1936 san-

145 1975 223 2046 citae
250 1998 331 2044 cum
359 1975 492 2045 Gentio
516 1974 694 2045 societatis
716 1969 868 2045 volebat
882 1998 965 2061 rex,
987 1974 1210 2070 aliquantum

144 2108 321 2155 eamaem
343 2099 440 2154 ratus
464 2085 666 2182 animorum
689 2083 731 2152 iis
753 2081 992 2177 adjecturam:
1016 2098 1052 2154 et
1068 2084 1210 2158 obsides

145 2173 183 2262 in
205 2207 402 2290 conspectu
421 2194 581 2264 omnium
601 2191 674 2262 dati
691 2194 920 2291 acceptique,
941 2209 996 2281 et,
1015 2193 1147 2266 Pellam
1165 2197 1211 2270 ad

146 2301 331 2374 thesauros
345 2293 461 2398 regios
475 2303 608 2388 missis,
625 2302 688 2398 qui
707 2305 897 2400 pecuniam
913 2304 1129 2400 acciperent,
1147 2307 1211 2400 qui
1260 2363 1264 2374 .

145 2412 316 2483 Rhodum
334 2413 429 2482 irent
446 2436 526 2482 cum
546 2411 672 2508 Illyriis
688 2411 830 2508 legatis,
846 2409 1105 2482 Thessalonicae
1124 2437 1208 2482 con·

145 2522 316 2594 scendere
338 2523 435 2617 jussi.
468 2520 522 2592 Ibi
546 2520 775 2592 Metrodorus
807 2534 902 2608 erat,
927 2521 990 2616 qui
1013 2545 1132 2616 nuper
1164 2521 1208 2592 ab

145 2631 275 2702 Rhodo
295 2645 440 2701 venerat
449 2633 476 2716 ⁴,
496 2628 775 2726 auctoribusque
792 2631 935 2700 Dinone
952 2645 988 2700 et
1003 2629 1207 2725 Polyarato,

146 2739 369 2839 principibus
383 2741 531 2811 civitatis
545 2741 640 2834 ejus,
657 2736 875 2823 affirmabat,
890 2738 1050 2810 Rhodios
1065 2756 1208 2836 paratos

146 2851 191 2922 ad
213 2851 350 2922 bellum
369 2875 454 2922 esse.
474 2855 507 2920 Is
528 2851 694 2948 princeps
709 2851 842 2943 junctae
864 2873 947 2919 cum
966 2849 1093 2944 Illyriis
1113 2850 1207 2946 lega-

147 2963 254 3032 tionis
273 2961 376 3032 datus
393 2975 456 3030 est.

193 3077 320 3143 XXIV.
348 3069 483 3142 Eodem
505 3084 666 3164 tempore
687 3069 732 3139 ad
752 3074 950 3140 Eumenem
968 3083 1004 3138 et
1022 3069 1065 3138 ad
1081 3071 1206 3140 Antio·

146 3180 255 3250 chum
283 3180 488 3250 communia
517 3177 682 3262 mandata
697 3189 720 3262 ¹,
742 3202 821 3273 quae
847 3176 1023 3272 subjicere
1046 3179 1207 3250 conditio

146 3388 185 3430 re,
208 3385 259 3418 non
276 3389 333 3420 vem
352 3387 446 3436 semper
466 3373 517 3432 eJ'as
537 3369 609 3418 verba
629 3379 653 3417 et
697 3369 808 3418 Rhodios
825 3371 941 3420 Romanis
960 3369 1139 3432 adversabatur,
1155 3390 1205 3420 me-

147 3451 266 3498 aretionis
275 3462 420 3499 structuram
429 3451 594 3510 reddere‚jam
605 3465 654 3498 mo
697 3449 768 3500 mittit
779 3449 925 3513 Polbeid.
935 3452 993 3498 Exc.
1005 3453 1086 3518 Legat.
1096 3453 1204 3510 XXVII,

146 3531 200 3578 uuit
212 3530 336 3578 Drakeab.
698 3527 810 3592 6,§11;
828 3530 951 3590 XXVIII,
968 3527 1030 3592 a,.§
1045 3529 1090 3588 15;
1101 3531 1202 3588 XXIX,

182 3602 206 3648 3.
223 3602 283 3662 Quae
300 3612 467 3650 convenerant.
479 3600 553 3648 Drak.
567 3612 591 3648 et
603 3603 654 3648 ttu-
703 3605 750 3670 5,§
764 3619 791 3653 rt
803 3621 811 3664 ς
824 3609 915 3664 XXX,
927 3607 1005 3670 Irs9·
1021 3608 1203 3672 M⁰¹I17¹l¹⁶⁶l²⁸

146 3690 230 3744 pertus
245 3691 421 3736 convenerant,-
440 3680 541 3728 alterum
553 3678 657 3744 pratuli.
696 3685 789 3750 juncea
811 3701 865 3732 cnm
887 3685 978 3747 Illyriis
999 3685 1116 3749 legationi
1132 3687 1204 3734 datas

144 3761 227 3808 En.-
232 3758 404 3806 Thessalonicae
415 3757 641 3822 conscenderejnssi
647 3776 657 3814 ,¹
700 3775 750 3820 est,
761 3779 808 3828 pro
819 3763 957 3828 legationis,
967 3764 1070 3811 malebat
1080 3766 1149 3812 Crev.
1160 3768 1204 3814 En.

148 3836 249 3885 vidend
258 3839 451 3898 xxx1‚29,n.
465 3840 489 3885 3.
735 3842 796 3891 Cn.
811 3843 907 3890 XXIV.
928 3858 950 3888 r.
971 3841 1114 3890 Communia
1135 3860 1203 3890 raan-

185 3915 257 3972 Mb
277 3917 361 3963 Rhodo
381 3928 548 3976 venerumt.
570 3915 655 3962 missus
699 3921 775 3976 data,
796 3920 860 3968 deest
883 3921 983 3968 verbum
1006 3920 1063 3968 huic
1090 3923 1202 3971 orationi.

106 4023 110 4030 ·
146 3994 178 4042 ed
197 3995 292 4042 Persen.
308 3994 448 4042 -Dr'none
465 4006 489 4041 et
510 3995 652 4058 Polyarato,
698 4001 756 4048 «Ex
769 3997 817 4046 fine
835 4014 890 4062 cap.
905 4015 978 4062 praec.
999 3999 1110 4064 supplere
1124 4004 1203 4065 poeste

147 4073 241 4137 Saepius
263 4072 364 4121 Dinonis
385 4085 410 4120 et
432 4073 573 4134 Polyaraa',
601 4085 653 4120 tan·
697 4077 844 4125 datasant:
858 4077 993 4142 sedpotiue
1009 4079 1136 4134 existimo,
1150 4083 1205 4144 plu·

148 4167 219 4214 quam
229 4152 369 4214 priucipum
381 4152 506 4210 factionis,
522 4169 575 4216 quer
588 4153 653 4218 apud
698 4172 735 4202 res
748 4171 819 4202 voces
839 4168 880 4204 aut
895 4158 1013 4220 integrum
1028 4174 1122 4206 versum
1139 4161 1205 4206 exci-

1009 4247 1060 4325 tl..
