2970 4712
1169 371 1193 408 t.
1206 367 1231 408 C.
1249 369 1289 422 1⁶7.

250 377 322 454 316
687 387 724 452 T.
750 381 880 453 LIVIl
1169 430 1228 471 Μ,
1242 433 1288 472 585,

248 501 294 574 ab
309 505 481 575 Romanis
498 505 548 575 ite
567 503 740 576 volebant
756 507 848 603 peti,
864 519 906 575 ut
924 503 1064 576 nullum
1080 504 1126 577 de
1143 531 1185 578 ea
1200 533 1241 580 re
1256 513 1318 581 sci-

248 628 327 684 tum
346 613 472 712 populi
490 613 614 703 fieret,
634 623 696 686 aut
710 615 823 688 literis
839 615 1088 703 mandaretur3
1111 618 1232 716 quod,
1251 623 1317 692 nisi

248 721 518 822 impetrarent⁶,
532 725 649 820 major
662 727 816 825 repulsis
829 728 1028 825 ignominia
1041 744 1141 800 esset.
1159 727 1317 803 Praefecti

247 834 367 906 classis
386 833 424 905 id
440 837 550 907 unius
569 852 645 908 erat
660 835 742 931 jus,
760 853 802 907 ut
820 862 925 936 agere
941 836 987 908 de
1003 861 1045 908 ea
1060 862 1100 909 re
1117 839 1195 909 sine
1212 865 1317 938 roga-

246 946 347 1018 tione
376 946 448 1018 ulla
473 948 607 1046 perlata
629 965 763 1048 posset.
791 955 882 1022 Nam
908 951 954 1021 ita
975 951 1041 1048 per
1062 966 1118 1021 tot
1141 975 1257 1022 annos
1280 954 1316 1023 in

246 1062 400 1134 amicitia
417 1060 597 1152 fuerant7,
622 1080 664 1136 ut
688 1065 810 1136 sociali
828 1064 964 1137 saedere
982 1090 1019 1137 se
1041 1089 1124 1136 cum
1146 1070 1317 1138 Romanis

247 1198 323 1244 non
337 1172 516 1272 illigarent
528 1175 577 1246 ob
589 1176 725 1248 nullam
735 1177 839 1248 aliani
854 1201 1012 1265 causam,
1027 1201 1138 1277 quam
1152 1203 1199 1249 ne
1215 1203 1316 1276 spem

244 1282 392 1382 regibus
417 1284 672 1359 abscinderent
696 1287 818 1359 auxilii
844 1287 920 1374 sui,
948 1289 978 1358 si
1003 1289 1062 1358 cui
1087 1312 1180 1385 opus
1206 1304 1317 1376 esset,

244 1419 316 1466 neu
333 1393 401 1466 sibi
419 1397 504 1495 ipsis
518 1394 657 1469 fructus
674 1423 719 1469 ex
733 1396 956 1496 benignitate
973 1412 1010 1469 et
1027 1396 1173 1470 fortuna
1188 1424 1314 1470 eorum

243 1506 479 1605 percipiendi.
499 1512 602 1580 Tunc
621 1510 748 1608 utique
768 1507 925 1606 petenda
942 1509 1092 1581 societas
1110 1508 1316 1597 videbatur,

244 1640 319 1686 non
338 1642 418 1715 qnae
438 1621 588 1690 tutiores
606 1644 669 1690 eos
688 1617 734 1688 ab
752 1617 828 1689 aliis
846 1616 979 1690 faceret
995 1618 1090 1713 (nec
1106 1621 1203 1691 enim
1220 1623 1316 1692 time

242 1722 333 1796 bant
359 1753 598 1825 quemquam,
626 1744 755 1826 praeter
779 1729 1006 1824 Romanos),
1037 1729 1100 1800 sed
1125 1756 1206 1827 quse
1231 1733 1315 1834 ipsis

244 1838 414 1910 Romanis
433 1841 554 1911 minus
575 1828 771 1938 suspectos.
799 1837 874 1911 Sub
899 1839 993 1912 idem
1018 1838 1093 1914 fere
1114 1855 1258 1941 ternpus
1280 1857 1314 1914 et

243 2069 300 2118 edd.
313 2083 369 2120 ante
380 2073 492 2123 ultimam
502 2078 575 2124 Grut.
586 2074 597 2140 )
607 2091 754 2133 aareornm,

224 2169 227 2174 ·
245 2151 364 2220 στίφανον
384 2153 434 2206 ἀπὸ
450 2157 539 2224 μυρίων
559 2161 653 2225 χρυσῶν
669 2156 757 2220 Polyb.

243 2232 310 2282 unde
326 2233 364 2281 vel
379 2235 407 2280 X
417 2233 518 2283 millium
532 2235 597 2299 leg.,
614 2237 653 2284 vel
669 2229 758 2302 diapa-

243 2311 298 2381 ρίων
306 2349 316 2377 ,
325 2313 403 2362 Gron.
416 2342 450 2352 -
465 2317 587 2365 Caeterum
598 2315 687 2380 viginti
701 2317 757 2364 mil·

242 2393 275 2440 lin
295 2408 424 2442 aureorum
439 2411 452 2442 a
471 2394 586 2443 Creverio
603 2395 756 2460 aeqniparnn-

243 2483 285 2520 tur
301 2471 411 2536 pondere
428 2473 516 2520 marcis
531 2474 682 2522 nostratibus
695 2474 756 2525 625.

242 2551 359 2612 Ejusdem
371 2543 444 2618 pretii
462 2563 486 2600 et
503 2550 621 2617 ponderis
638 2568 756 2604 coronam

242 2631 360 2682 obtulisse
380 2632 453 2698 legati
466 2629 608 2696 Pamphylii
620 2647 756 2681 memoran-

242 2727 298 2776 tur,
308 2731 364 2781 sup.
376 2716 419 2766 lib.
432 2716 525 2773 XLIV,
537 2731 591 2780 esp.
610 2723 650 2772 14.
662 2717 708 2764 En.
721 2743 756 2753 —

245 2793 407 2853 Theodotum,
425 2794 563 2850 Θεαίτητον
582 2795 647 2845 MSS
664 2795 754 2860 Polyb.

241 2874 331 2932 XXX,
347 2875 371 2934 5,
388 2874 433 2938 qui
451 2874 563 2922 eumdem
578 2874 651 2923 etiam
664 2890 755 2922 mema—

241 2964 278 3000 rat
288 2954 392 3009 XXIII,
406 2955 421 3002 3
430 2969 437 3013 ;
446 2955 562 3012 XXVII,
576 2969 604 3002 tt
614 2971 622 3014 3
632 2955 755 3012 XXVIII,

241 3049 272 3088 2,
285 3039 329 3089 143
341 3033 444 3092 XXIX,
455 3033 483 3093 53
496 3034 588 3096 XXX,
601 3035 690 3098 19.E1
702 3033 755 3096 qui-

239 3110 287 3158 bus
297 3109 358 3158 loeis
370 3122 450 3175 patet,
464 3129 520 3159 eum
530 3112 654 3177 praecipus
664 3113 753 3160 Romn-

239 3190 279 3238 nis
297 3189 397 3239 favisse:
410 3190 477 3238 unde
497 3207 553 3238 enm
564 3207 664 3255 quoque
678 3191 753 3239 maxi-

239 3285 278 3316 rne
289 3268 407 3316 idoneum
420 3269 509 3328 fulsse,
523 3268 566 3332 qui
579 3272 683 3320 Romam
697 3272 754 3318 mit·

239 3358 344 3404 teretur,
352 3348 402 3408 jam
414 3348 510 3395 monuit
519 3347 595 3396 brak.

275 3428 300 3476 6.
314 3425 398 3488 Quod,
411 3425 459 3474 nisi
469 3423 506 3491 (si
518 3426 587 3492 non)
597 3427 754 3492 impetrarent

239 3506 310 3570 (scil.
322 3516 452 3570 postquam
471 3523 499 3554 ea
513 3507 544 3554 de
559 3523 585 3554 re
603 3508 691 3556 scitum
706 3526 752 3574 po-

237 3585 291 3649 puli
302 3585 392 3634 sectum
403 3597 427 3632 et
438 3585 515 3633 literis
524 3584 665 3635 mandatnm
675 3599 751 3646 esset3

802 2073 886 2122 clastr's
897 2075 926 2123 id
934 2076 1005 2124 unius
1016 2087 1071 2123 erat
1078 2076 1117 2138 jns
1127 2075 1264 2124 sanciendae
1276 2091 1314 2123 so·

802 2156 899 2205 cietatis
908 2156 962 2205 sine
972 2157 1061 2222 populi
1075 2155 1232 2205 Rhoffiorum
1243 2155 1312 2205 scito.

840 2253 862 2296 7.
874 2239 922 2284 Per
932 2248 969 2284 tet
980 2252 1060 2283 annas
1073 2235 1172 2301 (prope
1187 2234 1264 2295 CXL,
1278 2236 1313 2282 di-

802 2315 836 2363 cit
845 2315 951 2381 Polyb.)
961 2315 986 2363 in
996 2313 1107 2362 amicitia
1116 2315 1189 2362 Rom.
1191 2316 1311 2384 fuerant,

802 2393 846 2442 ssd
862 2393 951 2456 sociali
961 2394 1059 2459 fordere
1078 2409 1104 2441 se
1121 2409 1177 2440 cam
1200 2391 1314 2440 Romanr's

801 2489 851 2521 non
860 2472 1028 2539 illigaverunt,
1044 2474 1087 2524 οὐκ
1099 2472 1246 2526 terentino
1255 2474 1313 2539 πρὸς

801 2552 889 2613 αὐτοὺς
909 2552 1071 2622 συμμαχίαν,
1086 2566 1112 2604 et
1127 2553 1171 2603 aisn
1184 2549 1309 2604 issotilasra

801 2627 955 2692 sordidius,
979 2629 1036 2684 etat
1063 2628 1311 2702 npanarnlepssa'sns

800 2714 864 2782 σφᾶς
891 2712 979 2772 αὐτοὺς
1003 2713 1080 2781 ὅρκοις
1107 2711 1149 2764 καὶ
1174 2711 1310 2770 συνθήκαις,

801 2814 813 2833 ιι
824 2792 890 2840 Socii
900 2793 931 2840 sb
946 2791 1032 2841 amicis
1041 2793 1114 2841 etiam
1130 2791 1313 2858 distingawtur

800 2888 853 2936 cap.
872 2888 914 2920 so.
926 2870 975 2920 Sed
991 2871 1139 2921 Rhodiensis
1150 2872 1235 2934 civitas
1245 2871 1311 2918 socia

800 2961 903 3008 vocatur
913 2953 990 3010 XLV,
1002 2967 1047 3009 ro,
1060 2960 1085 3000 et
1096 2949 1179 2998 amica
1192 2962 1267 3014 atque
1276 2967 1312 2997 so

798 3029 840 3076 cia
846 3029 934 3094 papuli
942 3046 1004 3078 ram.
1016 3029 1080 3078 Gell.
1090 3030 1152 3088 vn,
1164 3030 1188 3077 3.
1199 3030 1237 3076 De
1245 3029 1312 3077 ntro-

799 3108 847 3156 diis
862 3109 936 3157 etiam
953 3125 1026 3174 snpra
1042 3109 1092 3156 boc
1108 3123 1164 3173 cap.
1179 3107 1270 3156 dIcitnr
1285 3120 1310 3155 ut

797 3203 843 3235 nec
854 3185 933 3235 hostes
938 3187 1045 3254 fierent,
1055 3203 1099 3234 nee
1112 3187 1175 3234 saais'
1180 3203 1309 3252 permane·

797 3277 852 3313 rent
862 3288 882 3314 n.
895 3265 960 3314 nuk.
973 3269 1012 3315 De
1024 3265 1165 3314 discrimine
1177 3265 1309 3314 amicorum

797 3345 968 3409 sociorumque
990 3359 1053 3394 rom.
1075 3343 1183 3409 Appisn.
1205 3360 1225 3392 r.
1247 3344 1308 3392 Gsll.

797 3423 849 3472 Ecl.
861 3424 926 3471 XIII
937 3424 1013 3489 (Exc.
1028 3439 1056 3472 ts
1068 3422 1093 3490 ):
1107 3425 1230 3476 ἐποιοῦντο
1245 3417 1272 3474 d'
1288 3425 1308 3476 ti

797 3489 906 3574 laisein
923 3502 1019 3566 Είνονς,
1039 3504 1152 3571 hospites
1165 3515 1190 3552 et
1205 3505 1310 3563 amicos,

797 3574 831 3642 οἷς
845 3576 963 3636 ἐδίδοσαν
976 3583 1017 3654 μίν
1030 3578 1091 3638 sires
1103 3584 1201 3655 φίλους,
1213 3583 1308 3654 ἀνάγκη

237 3666 309 3718 Crer.
322 3675 347 3714 et
359 3664 435 3714 brak.
444 3664 468 3729 ),
479 3667 561 3732 major
572 3665 707 3731 ignominia
716 3684 753 3714 es·
795 3656 822 3712 d*
832 3663 875 3714 οὐκ
886 3666 947 3720 ίπῆν
956 3667 991 3738 Ιὡς
1005 3665 1077 3734 φίλοις
1091 3665 1232 3735 ἐπαμύνειν.
1242 3667 1308 3713 Lon·

236 3757 273 3794 set
281 3744 394 3809 repeirri,
405 3744 465 3810 ipsis
474 3745 596 3810 repulsam
609 3745 750 3794 ferentibus.
795 3757 826 3808 ge
843 3759 901 3792 vero
920 3743 1006 3792 durior
1023 3755 1075 3792 eret
1094 3743 1206 3791 conditio
1228 3743 1308 3792 seclo

237 3824 750 3884 Gonf.111,35,u.10,etxxxtx‚32,
780 3837 865 3881 ,rum3
885 3823 942 3870 vide
961 3823 994 3870 sd
1011 3824 1108 3881 XXII,
1121 3823 1168 3880 13,
1186 3839 1211 3871 n.
1229 3839 1258 3886 9,
1284 3833 1308 3870 et

239 3902 263 3954 3.
283 3907 353 3966 Qua,
373 3903 396 3951 si
411 3921 460 3951 non
479 3904 649 3968 impetrarent,
670 3903 751 3954 mt'nor
795 3903 933 3964 XXXVII,
948 3901 996 3962 54,
1009 3917 1035 3950 n.
1055 3902 1079 3948 3.
1091 3925 1125 3936 -
1142 3901 1308 3964 Tune‘ntiqae

235 3984 338 4047 repnlsee
347 3981 482 4046 igrromint'a
494 3995 555 4031 esset
562 3984 628 4044 conj.
638 3984 757 4031 Gronov:
791 3980 914 4043 petenda,
926 3992 974 4029 etc.
984 3995 1030 4045 pro
1040 3991 1097 4028 tnnc
1105 3979 1152 4042 legi
1160 3979 1232 4041 jubet
1242 3981 1307 4028 Dos-

235 4063 308 4112 eous.
322 4061 411 4125 Polyb.
423 4063 513 4120 XXX,
528 4060 584 4126 ⁵‚§
597 4063 628 4120 5,
642 4061 686 4110 nbi
698 4078 750 4110 non
794 4059 951 4122 ring.nane,
975 4059 1047 4122 quod
1064 4057 1196 4123 respondet
1214 4072 1308 4123 proce·

236 4141 316 4190 mittut
334 4139 426 4188 incerte
441 4151 476 4188 est
489 4139 574 4187 lectio.
591 4167 626 4177 -
639 4139 751 4206 Praefeati
795 4135 925 4186 dentibus:
946 4153 1005 4186 nans
1021 4137 1057 4186 ita
1070 4153 1117 4202 per
1133 4147 1170 4185 tat
1185 4153 1263 4184 aanor
1282 4136 1306 4185 in
