2966 4708
484 377 755 447 LIBBORUM
789 377 929 446 LIVII.
1130 323 1133 332 ι
1170 377 1235 448 511

175 495 268 567 facta
287 497 471 586 continet3·
489 500 553 596 qui
570 498 744 596 plurimos
764 523 808 570 ex
830 500 951 569 amicis
964 513 1003 572 et
1018 519 1139 570 secum
1158 523 1241 598 pro

176 607 336 705 scriptis,
358 608 506 680 crimine
527 610 744 706 proditionis
763 608 1006 699 insimulatos,
1026 610 1167 682 occidit.

375 865 377 872 ’
420 853 653 927 ΧΕΡΙΤΟΜΕ
678 858 817 926 LIBRI
848 857 990 925 XCIII.

224 1063 260 1129 P.
284 1057 451 1128 Servilius
473 1056 670 1154 proconsul
688 1057 727 1126 in
749 1055 870 1126 Cilicia
890 1059 1056 1125 Isauros¹
1082 1054 1243 1145 domuit,

175 1183 212 1239 et
233 1167 371 1266 aliquot
396 1166 505 1237 urbes
529 1168 726 1265 piratarum
748 1166 977 1262 expugnavit.
991 1167 1240 1256 Nicomedes,

174 1279 349 1376 Bithyniae
361 1303 443 1365 rex,
462 1278 622 1348 moriens
644 1275 849 1374 populum²
872 1299 1063 1345 romanum
1080 1275 1163 1346 fecit
1182 1276 1242 1348 hc·

173 1381 319 1475 redem,
340 1413 567 1487 regnumque
588 1389 664 1482 ejus
686 1387 731 1486 in¹
748 1388 941 1484 provinciae
966 1383 1117 1456 somnam
1138 1387 1242 1458 reda·
1321 1383 1324 1391 ’

175 1513 272 1569 ctum
300 1513 364 1571 est.
386 1497 631 1586 Mithridates,
660 1493 797 1568 loedere
828 1519 911 1566 cum
939 1493 1123 1566 Sertorio³
1150 1497 1243 1587 ict0,

173 1605 310 1679 bellum
332 1608 471 1708 populo
494 1632 646 1679 romano
667 1599 798 1677 intulit.
815 1612 1018 1705 Apparatus
1038 1601 1170 1678 deinde
1188 1633 1243 1679 re-

165 1719 313 1816 giarum
334 1721 521 1818 copiarum
542 1718 762 1817 pedestrium
781 1716 1055 1814 navaliumque,
1071 1733 1124 1807 et,
1139 1743 1242 1790 occu-

175 1844 258 1927 pata
281 1829 466 1927 Bithynia,
488 1834 536 1901 Μ.
559 1828 726 1902 Aurelius
748 1831 853 1901 Cotta
877 1829 1002 1900 consul
1028 1829 1073 1899 ad
1096 1829 1242 1901 Chalce-

176 1938 310 2010 donem
331 1942 453 2039 praelio
477 1967 499 2014 a
519 1966 603 2038 rege
631 1933 791 2026 victus43
817 1963 948 2036 resque
970 1963 989 2008 a
1010 1943 1185 2036 Pompeio
1206 1958 1242 2013 et
1315 2005 1317 2010 ,

175 2049 322 2122 Metello
338 2050 508 2124 adversus
526 2053 725 2124 Sertorium
740 2064 868 2149 gestae,
888 2050 953 2147 qui
970 2048 1140 2120 omnibus
1156 2049 1243 2121 belli

98 2267 105 2282 ·
175 2249 240 2299 conf.
255 2250 361 2317 Appian.
373 2252 433 2301 Bell.
446 2252 499 2302 civ.
509 2254 537 2312 1,
550 2267 613 2312 ιη,
626 2254 684 2310 113,
726 2249 856 2315 populum,
867 2261 912 2298 etc.
926 2249 991 2299 conl.
1000 2249 1107 2316 Appian.
1116 2247 1178 2300 Bell.
1188 2251 1241 2301 Civ.

173 2330 238 2380 Plut.
251 2333 313 2380 Sert.
325 2349 350 2396 p.
364 2334 424 2384 581.
728 2332 749 2392 1,
764 2346 822 2389 111,
837 2340 861 2377 et
873 2328 987 2378 Mithrid.
1001 2331 1039 2389 Π,
1055 2347 1079 2392 7,
1089 2347 1131 2393 713
1145 2329 1177 2378 ad
1188 2347 1242 2395 qnae

210 2411 280 2459 Brun.
295 2413 387 2462 XCIII.
401 2429 423 2462 r.
443 2415 472 2463 P.
491 2412 602 2461 Servilius
612 2391 682 2478 prdr.
727 2409 781 2459 loca
795 2409 845 2458 vid.
857 2407 992 2474 Schweigh.

177 2490 201 2538 in
218 2490 306 2540 Cilicia
319 2495 419 2539 Isauros
430 2491 536 2551 domuit,
557 2502 603 2540 etc.
617 2492 682 2540 cons.
764 2491 788 2538 3.
808 2487 977 2548 Mithridates,
987 2486 1085 2554 foedere
1095 2505 1150 2538 cam
1162 2489 1241 2539 Serto·

175 2569 207 2618 ad
218 2569 285 2635 Epir.
296 2569 359 2628 XC,
379 2587 402 2630 7.
421 2571 505 2632 Quum
522 2581 573 2618 tota
591 2567 684 2619 Isauria
727 2567 764 2616 rio
782 2569 829 2616 icto
846 2569 907 2616 att.
919 2569 987 2628 678,
1002 2567 1090 2618 bellum
1104 2585 1165 2634 pop.
1180 2586 1241 2618 rom.

175 2660 234 2697 tunc
244 2658 268 2696 et
279 2648 323 2696 diu
339 2650 410 2697 etiam
423 2660 481 2712 post
494 2649 522 2696 id
533 2660 628 2713 tempus
640 2649 685 2697 do·
728 2647 811 2695 intulit
820 2648 931 2706 tertium,
940 2659 987 2696 etc.
995 2647 1033 2697 ef.
1042 2648 1149 2711 Appian.
1156 2649 1241 2698 Mithr.

175 2728 292 2777 mieilium
319 2739 344 2776 et
364 2728 544 2793 receptaculum
562 2727 686 2776 latronum
730 2727 777 2784 68,
795 2725 967 2797 etPlut.Sert.
982 2741 1007 2788 p.
1020 2725 1155 2784 580‚581;
1168 2729 1240 2777 Oros.

176 2810 262 2872 luerit,
275 2809 436 2858 Isauroshl.
449 2809 533 2873 potius
543 2824 589 2884 pro
601 2807 685 2872 pitatio
729 2803 780 2862 VI,
794 2819 820 2862 ας
836 2805 965 2851 Memnon.
976 2801 1043 2866 apud
1056 2801 1129 2851 Phot.
1144 2805 1243 2868 77735-
1337 2829 1341 2836 ·

175 2888 237 2946 diet,
248 2905 321 2954 quam
333 2889 442 2938 Ciliciam
459 2900 484 2937 et
499 2886 616 2935 Isauriam
628 2902 687 2933 eon·
731 2883 764 2942 75
767 2881 789 2930 5.
802 2883 894 2930 -Pro
909 2880 957 2927 icto
969 2881 1152 2945 praefert.Voes.
1162 2883 1239 2943 inito,

175 2967 245 3016 fundi
252 3003 259 3027 ‚
273 2967 376 3032 putabat
389 2967 455 3016 Duk.
468 2965 498 3014 ad
511 2965 576 3014 Flor.
586 2966 637 3025 111,
656 2963 685 3024 6,
729 2959 799 3024 quod
811 2977 824 3006 e
836 2959 927 3024 glossa,
944 2974 999 3024 quae
1010 2959 1070 3006 olim
1083 2961 1188 3025 margini
1199 2963 1243 3011 ad-

134 3037 136 3044 ’
174 3047 190 3112 S
205 3049 227 3098 5.
241 3049 289 3097 Sed
299 3047 388 3104 Isauri,
397 3063 412 3094 a
425 3045 514 3110 quihus
526 3043 626 3092 domitis
635 3045 686 3092 Ser·
729 3038 832 3103 scripta,
842 3036 932 3085 deinde
940 3037 966 3084 in
980 3049 1124 3086 contextum
1133 3036 1243 3106 irrepsit,

175 3128 247 3176 vilius
264 3127 337 3176 etiam
354 3141 489 3190 cognomen
505 3123 605 3172 Isaurici
618 3139 686 3170 acce·
729 3127 814 3165 natum
826 3127 869 3166 eet.
883 3115 942 3165 Vid·
953 3116 1028 3166 ΒΗΚ.
1044 3117 1075 3165 ad
1088 3119 1140 3168 LIV.
1151 3120 1243 3182 mr,

175 3207 228 3270 pit,
241 3189 341 3272 proprie
355 3205 415 3253 dicti
428 3203 554 3261 videntur,
567 3213 592 3254 et
602 3201 687 3250 Cilicia
732 3193 783 3258 34,
801 3195 817 3262 S
833 3214 856 3259 7.
870 3197 915 3246 En.
927 3224 964 3232 -
975 3197 1014 3244 Do
1024 3197 1147 3269 regiarum
1158 3201 1243 3268 copia-

174 3283 338 3336 131505'3011511
347 3293 455 3349 sumpta,
464 3294 491 3330 ut
500 3281 574 3330 simul
582 3282 686 3338 Isauria,
730 3292 784 3323 rum
792 3275 941 3340 pedestrium
954 3275 1126 3341 navaliumque
1135 3277 1200 3344 (vide
1212 3279 1244 3328 ad
1325 3323 1328 3328 .

174 3366 238 3413 inter
248 3383 300 3414 eam
309 3379 332 3414 et
346 3365 493 3432 Lycaoniam
502 3364 534 3412 ad
542 3363 650 3410 Tamum
660 3361 687 3409 in
730 3357 782 3403 Liv.
793 3357 885 3414 xxa,
905 3357 947 3416 31,
964 3372 989 3403 n.
1002 3353 1028 3419 4)
1039 3353 1182 3420 apparatu',·
1191 3359 1242 3408 vid.

176 3447 233 3492 Asia
254 3445 313 3494 min.
330 3448 389 3504 sita,
407 3460 435 3490 ea
454 3440 682 3507 comprehendatur.
709 3435 836 3498 ¹Appiam
860 3431 973 3482 Mithrtd.
995 3433 1038 3497 67,
1063 3435 1113 3498 69,
1132 3448 1156 3485 et
1172 3437 1243 3504 mgb.

173 3523 240 3572 Hinc
258 3535 282 3572 et
296 3517 393 3572 Isaums
412 3539 462 3569 arx
479 3519 570 3570 dilicice
584 3531 685 3569 vocatur
728 3512 817 3562 Annal-
828 3511 860 3559 ad
873 3528 895 3560 a.
910 3513 970 3575 679.

176 3601 241 3650 Flor.
253 3603 308 3662 ΠΙ,
327 3603 362 3662 6,
380 3613 404 3650 et
421 3601 507 3649 seriori
527 3617 580 3648 aevo
600 3600 684 3650 Cilicia
765 3599 788 3648 t.
799 3594 835 3640 M.
846 3590 961 3638 Aurelius
973 3591 1046 3638 Cotta
1056 3593 1141 3640 corssul
1150 3609 1171 3642 a.
1182 3593 1242 3648 Urb.

175 3682 286 3744 Aspera,
312 3697 355 3729 seu
373 3681 482 3750 Τραχιῖα
503 3679 622 3744 appellata
648 3690 684 3730 est
729 3671 781 3732 679
801 3670 837 3718 ad
858 3668 1034 3718 Chalcedontm
1054 3687 1070 3717 a
1088 3685 1144 3736 rege
1162 3671 1242 3724 uicms

167 3761 344 3826 'Iseurlessid
359 3757 683 3823 Ammian.Mdrc.X.IV‚7‚
728 3761 779 3807 est,·
798 3747 849 3796 vid.
867 3749 974 3812 Applnn.
997 3747 1056 3798 Bell.
1077 3749 1131 3798 Clv.
1148 3754 1181 3825 v1,
1196 3769 1242 3820 71,

174 3839 318 3888 etHierocl.
730 3829 865 3887 1123Plut.
877 3827 972 3877 Lucull.
984 3841 1040 3892 pag.
1054 3829 1112 3890 496.
1122 3830 1242 3882 Caeterum
1269 3833 1271 3840 ’

210 3934 234 3966 a.
245 3917 389 3966 Nicomedes
397 3917 435 3963 111
445 3916 596 3982 Philopator,
607 3933 684 3982 nepos
728 3907 844 3956 suadente
857 3906 931 3954 Drek.
949 3907 1031 3970 recepi
1042 3907 1173 3957 lectionem
1194 3929 1242 3961 om·

174 3989 264 4040 Prusiae
276 3989 385 4054 (quidam
395 3988 461 4034 hunc
472 3986 631 4037 Nicomedem
639 3989 684 4049 IV,
728 3987 797 4035 nium
806 3987 879 4045 MSS;
898 3986 945 4032 nisi
960 3985 1027 4048 quod
1038 3997 1096 4050 post
1108 3990 1240 4040 Sertorium

175 4069 240 4118 tertii
252 4067 330 4118 lilium
349 4065 391 4116 aut
404 4079 532 4131 nepotem,
553 4069 626 4115 salsae
640 4084 685 4134 pu·
729 4064 808 4127 adjeci
828 4076 904 4130 gestae
926 4081 957 4111 ex
980 4063 1018 4113 ed.
1040 4065 1126 4131 Camp.
1141 4061 1172 4115 'in
1194 4087 1241 4133 qua

175 4147 237 4215 taut)
249 4147 368 4210 Bithymioe
378 4163 430 4205 retr,
439 4148 543 4197 moriens
554 4164 574 4196 a.
584 4148 686 4210 'U.678‚
730 4157 795 4206 certe
812 4156 893 4210 gestas
915 4145 1011 4208 legitur.
1038 4147 1074 4192 Ita
1092 4161 1240 4210 apparatus,
1346 4153 1347 4158 ’
