2976 4712
482 393 762 466 ataaoaun
793 394 939 461 alvu.
1167 393 1240 486 tu

178 519 312 617 gnavit.
326 521 451 608 Quum
467 516 574 612 legati
586 539 630 586 ex
649 512 768 586 Africa
782 536 865 584 cum
879 509 1083 584 oratoribus
1097 511 1244 584 Cartha-

178 630 397 728 giniensium
415 641 455 698 et
477 626 632 698 Gulussa
657 625 850 696 Masinissae
871 621 946 694 filio
970 621 1168 710 redissent,
1183 623 1245 695 di·

181 752 398 835 cerentque,
413 752 449 808 et
462 736 660 808 exercitum
680 759 717 806 se
733 748 770 805 et
785 733 934 805 classem
952 731 1165 829 Carthagine
1179 732 1244 804 de·

180 847 436 947 prehendisse,
457 846 642 944 penugari
670 844 865 916 sententias
886 841 1031 939 placuit.
1057 845 1194 914 Catone
1210 856 1247 914 et

180 959 259 1030 aliis
283 955 508 1056 principibus
530 954 672 1028 senatui
696 949 953 1038 suadentibus,
973 951 1072 1021 utin
1093 949 1246 1022 Africam

181 1063 373 1138 confestim
394 1076 700 1161 transportanemr
717 1061 912 1146 exercitus,
928 1058 1034 1157 quod
1051 1063 1088 1129 P.
1108 1063 1246 1133 Corne-

181 1174 251 1246 lius
265 1176 392 1246 Nasica
408 1171 565 1258 dicebat,
582 1171 748 1242 nondum
766 1168 835 1242 sibi
850 1169 985 1265 justam
1001 1191 1146 1241 cauam
1159 1169 1247 1242 belli

181 1284 311 1370 videri,
322 1284 472 1382 placuit,
481 1297 524 1354 ut
531 1280 630 1354 bello
636 1279 879 1384 abstinerent,
894 1281 923 1352 si
937 1277 1247 1376 Carthaginienses

182 1394 330 1466 classem
344 1392 580 1476 exussissent,
597 1405 634 1462 et
646 1391 846 1462 exercitum
862 1389 1097 1477 dimisissent;
1116 1390 1172 1460 sin
1185 1391 1249 1460 mi·

182 1525 276 1591 nus,
293 1502 459 1600 :proximi
488 1501 661 1572 eonsules
686 1500 735 1572 de
765 1500 900 1572 Punico
932 1497 1031 1570 bello
1061 1496 1248 1574 rement.

183 1616 306 1704 Quum
328 1613 485 1684 locatum
508 1633 529 1684 a
546 1609 759 1682 censoribus
778 1609 962 1682 theatrum
983 1624 1249 1696 exstrueretur,

183 1728 221 1794 P.
240 1723 411 1796 Cornelio
428 1723 554 1795 Nasica
573 1735 742 1806 auctore,
762 1735 937 1818 tanquam
954 1719 1082 1792 inutile
1097 1723 1249 1792 et'n'oei·

183 1847 308 1906 turum
330 1831 485 1930 puhlicis
506 1829 689 1918 moribus,
706 1855 751 1903 ex
767 1829 1087 1904 senatusconsulto
1107 1829 1248 1902 deatu-

184 1957 282 2016 etum
298 1956 372 2028 est,
391 1941 623 2042 populusque
642 1940 853 2038 aliquandiu
873 1955 972 2013 stans
991 1937 1097 2012 ludos
1115 1955 1251 2038 specta·

184 2053 246 2123 vit.
276 2051 586 2149 Carthaginienses
619 2075 734 2147 quum
765 2049 937 2122 adversus
966 2048 1085 2122 foedus
1112 2048 1250 2122 bellum

184 2161 375 2232 Masinissae
391 2161 615 2250 intulissent,
633 2162 717 2232 victi
736 2159 782 2232 ab
801 2183 869 2249 ee,
889 2181 1006 2233 anuos
1020 2159 1176 2232 habente
1192 2187 1253 2232 nu

185 2271 330 2369 naginta
356 2270 448 2344 duos
464 2282 506 2359 ¹²,
529 2285 566 2343 et
590 2271 666 2344 sine
691 2270 905 2368 pulpamine
933 2270 1104 2342 mandere
1125 2285 1162 2342 et
1184 2293 1250 2369 gu-

185 2395 277 2453 stare
293 2405 423 2480 panem
442 2398 581 2454 lantum
598 2380 723 2468 solite,
742 2381 892 2480 insuper
907 2403 1100 2452 remanum
1113 2377 1250 2452 bellurn

186 2505 409 2562 meruerunt.

434 2641 662 2758 serrone
694 2689 834 2758 Lisai
865 2689 1002 2756 XLIX.

159 2933 163 2940 .
234 2868 343 2936 Tertii
364 2866 489 2936 Punici
512 2864 601 2935 belli
616 2866 783 2935 initium¹
805 2863 919 2936 altero
937 2878 974 2934 et
991 2865 1253 2937 sescentesimo

187 2998 284 3051 anno
302 2972 347 3045 ab
359 2972 465 3045 'Urbe
487 2973 648 3062 condita,
665 2975 760 3046 intra
779 2973 948 3070 quintum
964 2995 1099 3042 annum
1111 3026 1121 3062 ,
1133 2998 1252 3070 'quum

226 3188 695 3254 12.Anaostabeauaonagiamduor.
741 3200 794 3257 au,
804 3188 883 3238 otum
895 3188 975 3237 nuc
989 3203 1055 3238 anno
1067 3191 1100 3238 ab
1112 3192 1141 3240 tl.
1150 3193 1252 3248 anteit

187 3281 233 3320 etc.
238 3271 324 3335 petius
329 3267 549 3334 detodeaoaqe'ata
555 3267 623 3325 avid.
631 3271 698 3318 Wea·
741 3268 816 3333 carpti
827 3278 853 3316 at
864 3267 942 3326 iana,
954 3279 1001 3318 ete.
1009 3269 1123 3319 Gronov.
1135 3275 1208 3322 Forte
1217 3285 1253 3322 ta·

187 3349 231 3398 sel.
246 3349 318 3398 Obss.
333 3351 359 3408 I,
370 3356 420 3407 at,
431 3357 456 3395 et
468 3346 500 3396 ad
509 3345 578 3412 Epir.
590 3350 623 3407 t,
635 3348 696 3397 1106.
740 3345 880 3396 manvarba
897 3347 975 3396 altero
987 3358 1013 3395 et
1025 3348 1109 3396 reat
1121 3352 1181 3399 Um.
1192 3367 1254 3415 pan·

188 3455 224 3464 -
235 3428 292 3476 Sine
306 3427 461 3493 munina,
478 3426 653 3492 pulpamenta,
670 3437 698 3476 at
742 3425 802 3474 dnn
813 3441 828 3473 a
838 3440 900 3473 voce
916 3424 1022 3475 initium.
1039 3426 1158 3476 Ceterum
1174 3431 1253 3478 altam

187 3519 293 3556 terma
309 3515 521 3564 castrametatum,
537 3515 658 3554 tentamen
673 3515 699 3554 et
742 3505 814 3553 etiam
832 3503 896 3552 dixit
909 3505 1013 3568 Eutrop.
1027 3506 1072 3567 tv,
1092 3521 1135 3565 tu,
1148 3509 1254 3558 :mimda

187 3596 377 3644 tentamentum,
397 3599 535 3650 purgamen
558 3594 584 3632 at
606 3599 699 3648 purga·
741 3583 813 3632 Oros.
829 3583 873 3641 IV,
889 3597 932 3630 aa.
948 3583 1038 3632 Utrum
1053 3599 1104 3632 vu:
1120 3586 1253 3644 aterpa-

188 3675 293 3712 meatum
303 3682 313 3720 ,·
322 3663 388 3712 Dult.
401 3667 432 3712 In
440 3661 489 3710 fura
499 3663 572 3724 hujus
584 3664 650 3728 Epis.
658 3662 699 3712 ad·
741 3677 809 3710 tuero
824 3661 930 3710 ordinali
943 3662 1072 3726 apposita,
1085 3661 1112 3711 lt.
1127 3663 1146 3712 1.
1162 3664 1195 3713 sit
1201 3666 1255 3730 pri·

188 3742 251 3790 dunt
271 3743 333 3790 Exn.
354 3740 459 3791 Pithoelt
481 3743 563 3789 stoan
576 3751 698 3804 praeterea
742 3757 809 3798 mus,
829 3750 858 3788 nt
881 3739 949 3804 apud
974 3739 1041 3788 Suet.
1065 3741 1115 3789 ru.
1141 3743 1255 3810 11(vid.

187 3818 263 3881 Syria
277 3829 302 3866 et
314 3818 378 3866 bella
395 3818 540 3884 interreges
551 3829 622 3883 gesta
637 3817 698 3884 refi-
742 3822 856 3869 Burman
874 3819 908 3868 ad
925 3821 1025 3869 Patron.
1047 3835 1101 3884 cap.
1125 3823 1206 3886 108),
1221 3840 1253 3874 m

188 3909 292 3956 rantur,
312 3897 375 3944 inter
389 3913 450 3962 quos
469 3908 548 3945 metus
566 3898 699 3946 Demetrius
741 3897 1253 3962 secundus,utapudhiv.111,33,n.1,

188 3974 264 4039 Syria
274 3975 422 4024 texuerim
433 3987 495 4024 erac
742 3988 768 4025 at
776 3979 905 4036 xxxta,
915 3991 962 4035 ar,
972 3991 997 4024 n.
1007 3975 1082 4041 stubi
1091 3979 1156 4027 euni.
1165 3982 1253 4047 Polyb.

217 4059 294 4106 -Errn
302 4057 394 4104 IILIII.
407 4069 430 4106 1.
444 4054 520 4102 Tertii
536 4053 625 4116 Punici
642 4055 701 4104 tottt
731 4057 846 4113 svnt,
857 4062 905 4114 aa,
916 4055 932 4120 S
942 4053 982 4119 8),
994 4071 1045 4106 aun
1057 4055 1137 4106 minua
1149 4059 1252 4110 dubium

190 4133 299 4192 initiam,
313 4149 348 4183 ae.
358 4133 406 4183 hoe
417 4133 444 4182 in
455 4133 563 4182 libreast
572 4149 615 4182 seu
625 4133 702 4182 reler—¹
742 4147 809 4192 saw,
824 4149 898 4197 quam
913 4133 980 4198 apud
994 4134 1046 4183 Cic.
1063 4134 1095 4184 ad
1113 4137 1170 4187 Div.
1187 4140 1254 4201 111,
