2982 4702
212 358 335 461 ᾒςξςςξξς
401 381 494 447 mn.
523 381 665 449 xmn.
689 381 798 449 cir.
826 380 911 450 ΧΠ.
939 383 1048 452 xru.
1079 435 1081 440 .
1182 381 1248 468 145

187 501 307 572 millia
321 516 357 572 et
375 502 532 572 sexcenti
550 503 698 598 equites.
721 504 884 592 Quatuor
900 517 1070 602 preterea
1091 502 1250 600 legiones

188 609 297 684 scribi
315 611 443 706 jussae,
470 637 570 708 quac,
598 615 626 682 si
652 637 727 710 quo
749 637 842 710 opus
861 627 975 700 esset,
997 612 1247 688 educerentur.

188 720 368 794 Tribunos
386 720 460 807 bis,
482 746 557 792 non
574 723 807 820 permissum,
829 736 869 792 ut
884 722 1050 794 consules
1068 721 1246 796 facerent:

187 832 345 930 populus
357 829 521 902 creavit3.
539 834 649 902 Sociis
663 833 818 903 nominis
830 832 929 902 latini
943 833 1121 904 sexdecim
1139 835 1251 906 millia

187 939 370 1039 peditum,
391 955 427 1012 et
449 941 546 1013 mille
568 944 709 1038 equites
731 942 905 1039 imperati.
928 947 1032 1012 Hunc
1056 944 1252 1014 exercitum

190 1051 306 1147 parari
324 1064 464 1121 tantum
484 1051 636 1150 placuit,
654 1065 697 1127 ,ut
716 1051 848 1135 exiret,
864 1053 892 1120 si
911 1075 987 1147 quo
1003 1075 1059 1120 res
1076 1067 1249 1149 posceret.

188 1159 397 1232 Macedonia
415 1163 569 1232 maxime
589 1185 709 1255 curam
724 1159 979 1258 praebebatzin
993 1159 1139 1231 classem
1156 1161 1253 1232 mille

134 1317 136 1321 -
189 1269 277 1338 socii
295 1269 435 1341 navales
459 1272 554 1342 cives
580 1271 718 1340 rombni
740 1269 897 1341 libertini
920 1267 1055 1340 ordinis
1066 1273 1093 1357 4,
1118 1295 1162 1342 ex
1183 1276 1253 1341 Ita·

165 1395 168 1400 ’
189 1376 236 1447 lia
249 1379 264 1408 *
285 1377 392 1448 scribi
409 1379 514 1474 jussi3
535 1377 685 1450 totidem
709 1393 752 1470 ut
777 1403 821 1450 ex
847 1379 963 1449 Sicilia
983 1380 1251 1452 scriberentur:

189 1501 255 1574 et,
269 1489 327 1558 cui
349 1513 390 1560 ea
412 1489 601 1587 provincie
615 1489 809 1576 evenisset,
830 1488 1059 1578 mandatum,
1077 1506 1120 1561 ut
1137 1505 1199 1562 eos
1216 1493 1254 1560 in

127 1645 128 1650 κ
189 1597 457 1684 Macedoniam,
484 1599 707 1697 ubicumque
729 1599 849 1670 classis
873 1615 988 1684 esset,
1009 1599 1253 1698 deportandos

189 1723 340 1778 curaret.
363 1713 405 1777 In
428 1712 632 1806 Hispaniam
661 1711 728 1780 tria
757 1709 868 1779 millia
896 1710 1057 1807 peditum
1084 1735 1254 1782 romano-

188 1842 270 1888 rum
289 1820 326 1888 in
345 1818 657 1917 supplementum,
677 1821 826 1891 trecenti
845 1821 984 1916 equites
1001 1820 1146 1891 decreti.
1167 1823 1256 1891 Fini-

188 1943 248 1999 tus
269 1927 319 1999 ibi
343 1955 490 2028 quoque
518 1933 556 2000 in
582 1930 741 2027 legiones
762 1931 917 2001 militum
941 1955 1134 2017 numerus,
1155 1930 1255 2029 pedi-

188 2049 267 2108 tum
281 2040 394 2136 quina
401 2040 535 2128 millia,
551 2041 739 2130 treceniet
754 2041 880 2112 triceni
896 2041 1035 2136 equites
1047 2037 1073 2108 ⁵.
1090 2045 1134 2110 Et
1150 2040 1255 2110 sociis

189 2149 365 2244 imperare
382 2165 525 2248 praetor,
544 2152 602 2221 cui
616 2153 785 2248 Hispania
800 2149 1023 2239 obvenisset,
1034 2139 1153 2246 ju'ssus
1170 2175 1255 2246 qua·

188 2271 273 2328 tuor
289 2258 402 2330 millia
417 2260 579 2357 peditum
600 2276 636 2332 et
654 2276 834 2332 trecentos
853 2262 1002 2358 equites.

237 2366 330 2437 XIII.
348 2373 432 2440 Non
450 2395 529 2441 sum
546 2373 709 2460 nescius,
729 2369 774 2441 ab
789 2371 916 2443 eadem
933 2369 1167 2467 negligentia,
1182 2395 1254 2467 qua

190 2475 287 2574 n'ihil
308 2475 395 2549 deos
421 2480 637 2577 portendere
664 2481 772 2578 vulgo
806 2506 904 2578 nunc
934 2479 1102 2565 credant,
1132 2504 1253 2576 neque

224 2690 250 2738 ’3.
264 2690 321 2739 Non
328 2691 472 2754 permissum
478 2727 486 2750 ,
499 2704 527 2742 ut
537 2691 697 2756 consulesfa·
741 2693 849 2750 olorum,
862 2709 893 2740 ex
901 2692 971 2740 Italia
980 2691 1054 2740 scribi
1061 2692 1199 2752 jussorum,
1209 2707 1252 2738 ex·

189 2779 270 2816 cercnt
289 2769 326 2818 tis
343 2782 448 2834 quatuor
464 2772 617 2836 legionibus,
634 2771 698 2818 forte
741 2771 828 2820 cidisse
836 2770 937 2819 ludices.
946 2771 1059 2818 En--In
1071 2768 1251 2824 Macedoniam,

188 2846 303 2906 urbanis,
324 2849 432 2898 tribunos
448 2851 571 2898 militum:
592 2849 698 2914 populus
742 2849 884 2912 ubicumque
905 2847 988 2896 classis
1008 2859 1082 2902 esset,
1096 2848 1135 2894 «i.
1156 2863 1177 2893 e.
1192 2862 1251 2908 que·

158 2915 159 2918 ¹
189 2925 544 2987 creavit,·videadvr1,5‚n.
558 2929 695 2987 4‚etcout2
741 2944 846 2990 cumque
864 2929 892 2974 in
912 2937 981 2992 perte
1004 2941 1077 2972 orave
1101 2924 1252 2972 Macedouiae

190 2999 222 3046 ad
232 3003 315 3061 mr,
330 3006 359 3052 31
376 3017 401 3053 et
415 3005 457 3054 35.
633 3019 635 3026 ‘
741 3006 823 3054 classis
840 3017 910 3054 esset.
925 3005 992 3066 Quid
1004 3020 1077 3067 ergo,
1093 3005 1114 3049 si
1129 3003 1192 3050 forte
1203 3002 1252 3050 alio

226 3086 250 3134 4.
258 3082 327 3130 Mille
340 3083 402 3131 socii
414 3083 514 3131 navales
529 3084 590 3131 cives
602 3083 699 3131 romani
740 3086 798 3132 loco
806 3096 880 3140 esset,
891 3083 958 3148 quod
964 3081 1016 3133 fieri
1025 3083 1119 3146 potuit,
1129 3097 1159 3127 sn
1171 3089 1252 3128 tamen

190 3156 295 3206 libertini
306 3161 411 3220 ordinis,
431 3163 501 3210 locus
520 3163 597 3210 clarus
616 3163 648 3210 sd
660 3163 698 3208 in·
742 3165 768 3210 in
794 3163 964 3210 Macedoniam
989 3160 1135 3225 deportandi
1164 3160 1252 3207 erant?

189 3235 347 3300 telligendum
370 3241 500 3289 discrimen
526 3241 696 3289 libertinorum
741 3243 858 3289 Fortassis
877 3241 902 3288 in
922 3238 1110 3295 Macedoniam,
1132 3249 1178 3288 aut
1199 3238 1250 3286 ubi·

189 3323 213 3361 et
226 3313 384 3376 libertorum,
394 3322 453 3368 Em.
465 3321 537 3370 Conf.
546 3321 577 3367 ed
586 3322 637 3379 tx,
654 3321 697 3376 38,
741 3335 844 3384 cientque
852 3319 935 3366 classis
944 3330 1012 3366 esset.
1029 3318 1135 3366 Classem
1150 3319 1250 3366 sortitus

188 3407 214 3440 n.
228 3398 350 3444 1.—Ee
361 3399 451 3456 ltalia,
465 3399 508 3447 has
517 3415 590 3447 voces
603 3399 695 3448 Duker.
741 3411 777 3448 est
787 3401 815 3448 C.
837 3400 945 3446 Marcius
963 3398 1070 3460 Figulus,
1085 3397 1192 3461 cap.15.
1215 3397 1248 3444 Er

188 3485 240 3518 non
253 3474 377 3524 adsocies
388 3479 486 3526 navales
498 3494 612 3526 romanos
626 3479 697 3526 liber·
741 3489 835 3538 antem,
859 3493 933 3540 quum
955 3477 989 3523 'ad
1009 3477 1075 3523 illam
1098 3477 1166 3523 venit
1184 3478 1251 3523 Mar-

190 3545 236 3592 tini
247 3552 351 3610 ordine,
362 3555 405 3602 sed
417 3555 447 3602 ad
466 3558 546 3605 socios
556 3558 695 3604 ¹triaritirnos
741 3558 808 3616 cius,
820 3555 934 3607 Chalcide
947 3567 1013 3614 erat,
1025 3557 1116 3612 XLIV,
1131 3571 1140 3600 r
1152 3577 1173 3601 n.
1184 3553 1251 3602 nuk.

191 3625 403 3688 lffllaesquinsum
410 3634 445 3681 rei
451 3637 555 3683 nauticae
561 3635 696 3695 hebebant,
778 3637 801 3684 5.
813 3635 924 3682 Peditum
937 3635 1014 3699 quina
1024 3634 1114 3688 millia,
1130 3631 1253 3679 treceniet

191 3713 216 3749 et
223 3704 340 3752 Romanis
348 3723 421 3755 naves
430 3731 462 3761 ex
471 3713 560 3762 soedere
568 3713 625 3761 dare
634 3724 698 3762 tene·
742 3715 828 3762 triceni
839 3713 929 3778 equites
937 3731 946 3760 :
955 3737 967 3755 ιι
976 3729 1059 3760 verum
1073 3713 1167 3775 plures,
1178 3718 1251 3773 quem

189 3781 287 3840 bantur,
304 3785 392 3844 refert,
409 3790 466 3851 quia
477 3795 607 3848 ¹sociorum
624 3809 697 3840 neve·
742 3805 875 3850 trecentos,
886 3793 979 3855 equites
991 3791 1081 3852 legioni
1096 3789 1193 3836 additos
1202 3804 1252 3836 esse

190 3858 581 3917 liumlibertiniordmiseoeltalia
588 3871 699 3933 nuspiam
742 3887 794 3918 non
810 3882 919 3927 constan
935 3870 991 3916 vide
1006 3868 1037 3914 od
1046 3869 1120 3924 VIII,
1131 3867 1158 3925 8,
1171 3883 1197 3914 n.
1215 3883 1253 3914 1o.

191 3940 285 3988 mentio
299 3940 350 3991 fiat.
363 3949 435 3994 Facta
446 3948 521 4010 Igitur
537 3960 594 4012 post
606 3943 703 3998 ordinis
743 3951 816 3999 Forte
828 3951 876 4013 leg.
887 3947 977 3996 treceni
988 3947 1028 3993 vel
1045 3957 1070 3992 et
1085 3945 1174 3994 treceni
1188 3945 1255 4009 eqni·

192 4016 366 4086 dittinctione,
380 4027 496 4089 apposuit
511 4039 568 4090 post
581 4042 653 4076 voces
667 4045 699 4075 ex
744 4040 794 4087 tes,
805 4031 842 4076 vel
851 4027 962 4093 peditum
971 4043 995 4090 q.
1007 4043 1039 4074 m.
1051 4024 1139 4074 drecem'
1148 4035 1172 4072 et
1181 4036 1256 4074 trece-

193 4097 268 4152 Italia
275 4098 372 4161 signum
377 4101 520 4168 hoc'‚qu0d
527 4121 655 4154 numerum
663 4124 700 4158 so·
744 4108 771 4156 ni
783 4109 873 4173 equites
883 4129 904 4155 s.
914 4105 989 4154 Drrk.

294 4187 396 4256 VIII.
1077 4214 1118 4261 ro
1162 4229 1166 4236 ·
