2972 4720
179 387 326 502 ,31213331
442 411 524 476 Lus.
557 409 663 477 xnu.
690 410 786 478 osa.
811 411 902 480 v111.
929 414 989 480 tx.
1202 443 1241 515 ⁸9

178 530 272 600 ditos
286 535 323 600 in
336 529 457 600 sedem
466 554 572 599 suam
584 533 731 624 Ligures
744 536 957 604 resu'tutsset.
977 534 1120 609 Claram
1133 548 1243 614 uicto-

176 646 271 709 riam
283 639 462 710 uincendo
476 657 725 737 oppugnantes
732 693 742 724 ,
756 665 830 711 noa
838 645 1015 715 saeviendo
1025 652 1063 716 in
1069 650 1239 746 afflictos,

170 755 267 848 fieri.

225 867 287 934 IX.
305 863 461 948 Consul,
481 887 553 959 qua
567 860 699 932 ferocia
719 864 827 932 animi
845 888 931 935 usus
949 882 1025 937 erat
1042 870 1079 939 in
1099 873 1241 968 Liguri-

177 972 247 1045 bus
258 984 285 1061 ¹,
306 973 469 1044 eamdem
489 971 534 1043 ad
550 995 624 1042 non
643 972 844 1070 parendum
860 978 997 1046 senatui
1015 976 1152 1052 habuit.
1174 990 1240 1056 Le·

176 1082 345 1179 gionibus
365 1082 547 1180 extemplo
568 1082 662 1152 Pisas
681 1083 718 1152 in
736 1081 968 1158 hibernacula
979 1088 1112 1178 missis,
1131 1094 1241 1167 iratus

177 1194 357 1282 Patribus,
372 1191 521 1264 infestus
532 1193 711 1288 praetori²,
722 1197 873 1263 Romam
889 1194 1010 1282 rediit3
1025 1213 1240 1300 senatusque

176 1305 357 1403 extemplo
372 1303 418 1375 ad
433 1303 545 1374 aedem
563 1301 717 1373 Bellonae
734 1318 860 1374 vocato
868 1299 896 1387 ³,
912 1305 1034 1377 multis
1051 1309 1171 1382 verbis
1184 1314 1241 1383 in-

175 1430 299 1485 vectus
313 1415 414 1485 estin
428 1427 639 1511 praetorem,
657 1419 739 1510 qui,
762 1438 874 1511 quum
889 1415 936 1484 ob
952 1441 1028 1486 rem
1044 1417 1136 1491 bello
1151 1423 1242 1494 bene

171 1542 329 1619 gestam,
345 1530 398 1594 uti
408 1524 476 1593 diis
491 1521 752 1593 immortalibus
766 1523 881 1595 bonos
892 1524 1095 1614 baberetur,
1109 1533 1242 1621 refhrre

175 1635 228 1706 ad
241 1651 407 1706 senatum
423 1632 622 1720 debuisset,
638 1632 808 1702 adversus
825 1658 864 1702 se
869 1657 944 1730 pro
963 1634 1124 1706 hostibus
1140 1663 1241 1709 sena-

175 1743 622 1834 tmcomultamfecusett,
641 1767 715 1839 quo
733 1747 921 1812 victoriam
939 1767 1045 1815 suam
1063 1747 1117 1816 ad
1131 1752 1239 1844 Ligu·

173 1881 230 1926 res
261 1857 488 1946 nansfhrret,
518 1851 674 1949 dedique
700 1858 742 1922 iis
762 1878 878 1951 prope
904 1858 1086 1926 consulem
1098 1875 1243 1955 prator

163 1965 470 2062 juberet.'Itaque
490 1962 661 2032 mulctam
679 1969 715 2032 ei
727 1988 767 2034 se
783 1963 923 2034 dicere:
942 1991 966 2034 a
985 1967 1157 2038 Patribtes
1169 1994 1239 2065 po·

172 2075 326 2162 stulare,
353 2092 394 2145 ut
410 2071 757 2144 senatusconsultum
776 2078 812 2140 ia
829 2098 868 2142 se
873 2075 1021 2163 sacuam
1042 2075 1120 2146 tolli
1126 2078 1238 2172 jube-

173 2204 269 2275 rent,
292 2186 680 2285 supplicationemque,
698 2208 812 2278 quam
830 2182 994 2255 absentes
1013 2182 1089 2256 ea⁵
1106 2187 1235 2274 literis,

171 2299 218 2368 de
238 2299 442 2394 benegesto
462 2293 646 2392 republica
667 2298 800 2378 missis,
821 2292 1011 2364 decernere
1031 2296 1236 2386 debuerint,

166 2425 363 2506 praesentes
380 2407 527 2477 bonoria
546 2405 697 2477 deorum
711 2408 876 2500 primum
897 2428 1009 2474 causa
1018 2459 1029 2492 ,
1053 2407 1186 2478 deinde
1205 2426 1241 2479 et

170 2525 230 2588 sui
251 2519 374 2616 aliquo
400 2517 547 2588 tandem
574 2529 754 2611 respectu,
781 2512 1020 2587 decernerent.
1042 2515 1163 2588 Nihilo
1187 2517 1236 2590 le·

172 2625 357 2715 nioribus,
378 2651 487 2724 quam
509 2624 656 2710 absenS,
682 2639 888 2694 senatorum
909 2624 1049 2722 aliquot
1070 2629 1238 2698 orationi·

171 2732 241 2808 bus
264 2739 482 2834 increpitus,
502 2750 629 2808 neutra
653 2734 842 2831 impetrata
866 2758 928 2822 re,
954 2735 991 2803 in
1013 2739 1235 2834 provinciam

171 2846 271 2918 redit.
300 2848 400 2918 Alter
422 2845 550 2916 consul
573 2845 797 2929 Postumius,
822 2861 1037 2941 consumpta
1059 2862 1178 2918 aestate
1199 2850 1236 2918 in

170 2955 470 3051 recognoscendis
487 2956 599 3052 agris,
616 2977 663 3022 ne
680 2953 755 3021 visa
772 2951 920 3048 quidem
934 2955 1140 3050 provincia6
1156 2983 1234 3042 sua,

171 3066 399 3139 comitiorum
423 3089 527 3138 causa
550 3070 702 3134 Romam
725 3060 841 3130 rediit.
864 3061 1040 3133 Consules
1061 3069 1100 3136 C.
1117 3067 1236 3165 Popil-

169 3173 258 3244 lium
278 3179 477 3263 Laenatem,
502 3179 539 3244 P.
560 3171 692 3241 AElium
711 3172 881 3267 Ligurem
904 3173 1043 3243 creavit.
1066 3179 1236 3250 Praetores

170 3285 298 3356 exinde
320 3283 402 3356 facti
425 3289 463 3356 C.
486 3282 644 3355 Licinius
664 3285 830 3366 Crassus,
853 3285 900 3350 Μ.
922 3284 1050 3354 lunius
1071 3290 1234 3379 Pennus,

169 3502 293 3550 Vincenda
303 3503 561 3568 oppugnantes,·Cle1-.
571 3512 596 3549 et
606 3503 677 3551 Crev.
713 3497 829 3562 fecissen
839 3499 896 3547 vide
906 3515 978 3564 supra
990 3501 1021 3550 ad
1033 3505 1096 3563 vll,
1110 3508 1141 3554 ιθ
1151 3523 1195 3565 „n
1209 3510 1233 3554 6.

167 3581 263 3628 emend.
270 3594 416 3646 pugnantes.
428 3582 476 3630 Sed
488 3582 554 3630 eoni.
568 3597 593 3630 n.
605 3597 629 3628 a.
758 3579 781 3626 b.
794 3580 874 3640 Quam
892 3580 1000 3628 alserues
1018 3598 1051 3628 ea
1070 3583 1159 3641 literis,
1184 3597 1232 3634 eto.

201 3661 264 3709 Gne.
278 3664 324 3710 11.
342 3676 365 3708 1.
377 3660 480 3710 Feronia
491 3678 516 3709 a.
529 3677 585 3708 usus
601 3660 626 3706 in
639 3659 677 3705 Li-
721 3661 775 3722 lege
784 3673 791 3706 :
801 3675 876 3722 quam
887 3660 984 3707 absenti
995 3660 1043 3709 eibi
1056 3679 1090 3710 ee
1106 3664 1191 3712 literis.
1204 3701 1229 3714 ..

162 3739 262 3804 garilas
269 3759 279 3796 ,·
289 3740 347 3788 vide
356 3739 388 3788 ad
397 3742 446 3798 vt,
461 3756 492 3787 aa
503 3774 510 3797 ,
523 3756 548 3786 n.
565 3755 587 3785 ι.
716 3740 834 3801 prasenti
844 3741 955 3799 lionoris,
971 3754 1019 3790 etc.
1030 3744 1107 3790 aron.
1120 3745 1234 3796 Absentis

200 3818 344 3884 edesenus
354 3818 474 3883 pretori,
489 3819 521 3865 A.
537 3817 622 3866 Atilio.
637 3818 675 3866 ct
720 3829 745 3866 et
755 3821 870 3882 prasenti
879 3823 947 3881 conj.
963 3821 1038 3868 Deak.
1049 3822 1154 3870 Absente
1167 3841 1193 3871 se
1208 3837 1233 3872 et

164 3913 221 3961 eap.
235 3899 260 3945 8.
720 3909 843 3960 presente
854 3900 971 3948 Pithoeus.

201 3977 225 4023 3.
236 3976 280 4022 Ad
289 3975 365 4027 ωὼηι
378 3977 486 4023 Bellona
500 3989 591 4025 vacato
599 3995 609 4034 ;
621 3977 677 4024 vide
759 3978 782 4024 6.
797 3978 835 4024 Ne
848 3978 904 4025 vua
920 3976 1017 4040 quidem
1027 3977 1157 4040 praetutia
1169 3997 1233 4038 sua,

162 4054 308 4114 adxnvt,
320 4070 403 4114 21,n.
422 4071 445 4103 1.
533 4107 536 4112 ,
723 4055 909 4118 Liguriaconl.
920 4069 976 4119 esp.
988 4072 999 4102 s
1013 4065 1038 4104 et
1048 4057 1235 4114 8.-—Coruules

198 4140 222 4186 t,
235 4131 355 4179 Adversus
371 4151 397 4180 se
409 4150 457 4196 pro
475 4132 580 4182 hostibus
591 4135 678 4183 SGtum
725 4134 936 4197 areptitium...
951 4137 1040 4184 creauit
1048 4156 1057 4193 ,·
1066 4137 1124 4187 side
1133 4137 1164 4190 ad
1173 4140 1233 4196 vn,

1068 4251 1105 4292 Ἰ.
