2984 4706
244 333 314 404 260
364 335 403 400 Τ.
424 331 550 400 trvn
571 333 663 399 tls.
685 332 819 399 xtrv.
841 333 946 400 cnr.
966 333 1095 400 xtvt.
1142 313 1270 421 m}

243 455 377 552 quartis
390 455 512 523 eastris
519 450 762 549 Amphipolim
776 453 949 548 pervenit.
958 451 1079 523 Effusa
1093 450 1228 524 omnis³
1237 453 1298 525 ob-

241 567 298 635 via
322 562 429 634 turba
448 560 711 634 cuivistndicio
729 575 821 644 erat,
836 586 910 631 non
929 561 1028 632 bono
1048 585 1088 632 ac
1101 562 1199 656 justo
1213 586 1298 658 rege

244 674 333 754 orba
349 681 434 768 [tos,
455 677 512 740 sed
526 679 695 764 impotenti
710 676 843 741 domino
857 679 1007 742 liberatos
1023 679 1083 742 sibi
1094 681 1298 768 Amphipoli·

245 802 336 848 tanos
358 780 469 850 videri.
491 782 658 868 Ingressus
675 779 790 843 urbem
807 779 936 843 Paullus
952 801 1055 866 quum
1073 779 1187 844 divinis
1201 781 1299 843 rebus

245 897 450 972 operaretur,
473 877 727 966 sacrificiumque
756 881 888 944 solenne
911 881 1028 944 faceret
1051 880 1091 945 de
1114 883 1190 946 caelo
1215 898 1299 946 tacta

245 983 353 1047 subito
363 1004 415 1044 aru
427 981 522 1044 arsit:
540 980 585 1042 sie
600 979 886 1071 interpretantibus
897 981 1068 1052 omnibus,
1082 983 1300 1070 acceptissime

247 1083 306 1148 diis
329 1082 414 1146 dona
428 1081 570 1145 consulis
587 1101 674 1160 esse,
697 1103 769 1167 quae
788 1082 883 1144 etiam
908 1083 1023 1146 eaelesti
1041 1081 1167 1147 flamma
1187 1106 1302 1147 conse·

247 1197 422 1248 orarentur.
446 1183 522 1246 Non
540 1179 597 1243 diu
622 1195 764 1243 moratus
788 1182 974 1270 Amphipoli
1000 1185 1130 1266 consul,
1144 1184 1241 1265 simul
1259 1183 1300 1248 ad

246 1281 508 1372 persequendum
533 1275 664 1362 Persea,
686 1281 782 1345 simul
804 1299 842 1345 ut
862 1306 921 1370 per
943 1305 1054 1348 omnes
1077 1301 1202 1374 gentes,
1229 1308 1301 1372 quae

247 1383 377 1448 ditionis
399 1385 468 1465 ejus
486 1397 593 1461 erunt,
608 1381 749 1444 victricia
771 1406 859 1447 arma
875 1384 1111 1469 circumferret,
1135 1385 1302 1450 Odoman-

247 1486 350 1565 tioen,
366 1483 531 1573 regionem
547 1485 632 1546 ultra
647 1480 850 1569 Strymonem
867 1506 1010 1568 amnem,
1022 1488 1131 1574 petiit,
1150 1504 1182 1550 et
1197 1486 1238 1549 ad
1251 1488 1302 1551 Si-

246 1609 296 1650 ras
315 1600 417 1649 castra
432 1584 565 1672 posuit]

282 1773 754 1840 3.Effitsaomuisobria,forteobviam
850 1777 975 1824 Surum.
1002 1741 1144 1824 Pluurehus
1166 1778 1193 1824 in
1213 1777 1305 1825 AEmtlit

246 1871 278 1903 ex
288 1855 328 1902 ed.
341 1855 412 1902 Frob.
426 1855 500 1902 1535.
798 1854 856 1902 vita.
