2982 4702
267 349 334 455 ill
554 401 558 420 .
688 355 727 420 Τ.
763 355 904 424 LIVII
995 383 1000 392 ·

233 465 237 473 ’
261 495 349 542 uum
370 437 522 560 mortui,
540 476 579 542 L.
600 468 861 546 Flaminius⁸
838 473 868 506 **
882 439 1074 574 pontifices
1087 477 1162 550 duo
1176 481 1333 556 decesse-

179 649 183 656 .
260 597 367 671 runt,
391 587 431 653 L.
452 583 578 654 Furius
602 583 724 655 Philus
743 588 834 656 etC.
855 587 977 658 Livius
996 587 1183 661 Salinator.
1208 598 1251 663 In
1276 593 1331 666 lo-

202 763 205 770 ,
260 714 344 760 cum
363 693 459 762 Furii
474 697 514 762 T.
535 693 712 782 Manlium
727 699 973 793 Torquatum,
992 698 1029 768 in
1046 700 1137 770 Livii
1154 704 1203 770 M.
1222 706 1332 776 Servi·

172 864 177 882 ,
259 801 349 871 lium
370 800 560 900 pontifices
579 803 756 902 legerunt.

302 917 384 984 nul.
403 913 583 1012 Principio
597 917 821 1014 insequentis
834 917 919 986 anni
932 941 1049 1014 quum
1063 920 1231 992 consules
1244 925 1331 994 novi

258 1019 303 1109 Q.
322 1023 476 1094 Marcius
498 1038 535 1094 et
552 1027 617 1094 Cn.
636 1022 808 1096 Servilius
824 1023 870 1096 de
887 1027 1084 1124 provinciis
1103 1029 1328 1122 retulissent,

256 1132 374 1228 primo
394 1158 542 1231 quoque
568 1149 733 1231 tempore
763 1150 825 1207 aut
849 1159 1059 1233 comparare
1083 1162 1145 1209 eos
1169 1140 1264 1211 inter
1290 1164 1328 1214 se

254 1241 391 1314 Italiam
420 1259 457 1315 et
484 1235 756 1336 Macedoniam,
784 1259 847 1316 aut
871 1247 990 1317 sortiri
1018 1246 1204 1344 placuit1:
1227 1253 1328 1348 prius

254 1374 365 1448 quam
387 1353 424 1424 id
450 1379 537 1426 sors
545 1369 727 1442 cerneret,
752 1356 791 1426 in
809 1357 1011 1444 incertum,
1033 1380 1079 1428 ne
1103 1357 1193 1454 quid
1217 1364 1329 1458 gratia

253 1465 430 1535 momenti
448 1463 654 1555 laceret,1n
675 1481 867 1578 utramque
888 1468 1131 1564 provinciam,
1149 1469 1252 1566 quod
1267 1497 1327 1544 res

252 1572 470 1646 desideraret
486 1521 746 1674 supplementi,
764 1565 921 1648 decerni.
936 1581 980 1648 In
995 1577 1244 1652 Macedoniam
1260 1606 1326 1679 pe·

251 1679 368 1754 ditum
387 1709 623 1758 romanorum
647 1711 709 1757 sex
733 1686 862 1774 millia,
886 1688 1068 1759 sociorum
1091 1690 1249 1761 nominis
1273 1691 1326 1764 la·

249 1792 316 1862 tini
342 1818 405 1865 sex
431 1797 559 1867 millia·
551 1799 726 1894 ,equites
748 1821 922 1869 romanos
945 1797 1124 1897 ducentos
1143 1800 1324 1924 quinqua·

249 1905 364 2024 ginta,
382 1897 499 1978 socios
519 1921 711 1980 trecentos.
730 1913 880 1980 Veteres
899 1887 1031 1980 milites
1049 1908 1201 1997 dimitti,
1216 1911 1266 1982 ita
1283 1928 1325 1984 ut

245 2012 286 2079 in
306 2013 462 2110 singulas
479 2040 646 2087 romanas
664 2017 824 2114 legiones
844 2041 890 2088 ne
913 2017 996 2115 plus
1021 2043 1107 2091 sena
1127 2019 1239 2092 millia
1259 2046 1322 2119 pe·

248 2119 383 2215 ditum,
408 2127 546 2195 treceni
570 2127 709 2222 equites
734 2140 865 2198 essent.
896 2127 1008 2200 Alteri
1034 2129 1175 2201 consuli
1199 2131 1331 2225 nullus.

247 2247 366 2304 certus
390 2232 514 2306 finitus
537 2261 710 2308 numerus
745 2238 878 2308 civium
904 2249 1180 2328 romanorum²‚
1208 2265 1321 2338 quem

245 2343 283 2411 in
306 2344 600 2442 supplementum
619 2348 763 2445 legeret.
788 2348 831 2420 Id
855 2348 966 2422 modo
986 2349 1150 2438 finitum,
1169 2366 1210 2422 ut
1229 2351 1320 2423 duas

244 2452 403 2552 legiones
423 2455 615 2546 scriberet,
641 2483 722 2556 quae
743 2462 856 2558 quina
876 2461 988 2532 millia
1012 2460 1177 2558 peditum
1198 2447 1319 2533 etdu?

235 2561 354 2634 'cenos
371 2561 571 2654 haberent,
598 2570 738 2666 equites
756 2585 934 2644 trecenos.
953 2573 1165 2641 Latinorum
1184 2572 1317 2666 major,

188 2771 190 2777 .
244 2699 355 2772 quam
378 2677 547 2776 collegae,
574 2678 741 2752 decretus
771 2665 945 2752 nunierus
968 2707 975 2749 :
1002 2680 1166 2778 peditum
1193 2681 1319 2754 decem

241 2937 289 2972 usu
312 2923 401 2983 fuisse,
418 2936 446 2973 ut
466 2924 586 2990 postridie
609 2925 755 2973 Terminalia
800 2925 902 2982 mortui,
919 2927 948 2974 L.
961 2923 1095 2973 Flaminius
1107 2940 1200 2988 augum
1213 2925 1271 2973 vide
1284 2926 1316 2974 ad

242 3012 322 3050 essent
333 3003 447 3052 Calendae
459 3004 630 3053 intercalares:
643 3015 669 3052 at
679 3004 755 3052 inter·
777 2991 780 2996 .
799 3005 884 3062 XXV,
903 3020 917 3051 a
936 3019 978 3068 pr.
991 3007 1082 3052 Praeter
1093 3003 1157 3052 hane
1172 3019 1259 3052 vocent
1271 3021 1316 3052 no·

241 3081 300 3130 dum
318 3083 416 3132 evenire
433 3085 558 3148 potuisse,
578 3095 607 3131 ut
623 3083 689 3131 inter
699 3085 757 3131 Ter-
798 3099 855 3131 meu
873 3083 1019 3132 successoria
1031 3093 1074 3131 aut
1095 3084 1195 3132 nomina
1212 3084 1316 3132 aliorum

240 3162 337 3210 miralia
357 3175 382 3212 et
395 3147 642 3214 Calendaaintercal.
660 3163 755 3212 medius
799 3177 918 3225 augurum
938 3161 1135 3221 sacerdotumve,
1158 3159 1315 3211 et'mortuo-

240 3241 401 3290 intercederet
413 3241 478 3300 dies,
492 3243 513 3289 ai
526 3255 615 3306 nempe
632 3240 683 3289 diea
696 3253 753 3291 ante
798 3256 853 3288 rum
873 3252 899 3290 et
919 3242 946 3288 in
971 3240 1060 3288 horum
1084 3239 1167 3288 locum
1194 3242 1314 3290 suffecto·

239 3335 272 3368 ex
282 3335 348 3368 anno
362 3333 490 3384 exemptus
501 3333 581 3383 esset,
592 3337 623 3368 ne
636 3321 753 3370 nundinae
797 3335 867 3382 rum,
878 3317 998 3368 excidisse
1010 3319 1133 3368 videntur.
1148 3320 1186 3370 Cf.
1201 3320 1278 3370 Drak.

239 3398 266 3444 in
277 3399 363 3446 Nonas
379 3399 482 3460 alicujus
500 3399 589 3448 mensis
601 3399 641 3448 vel
657 3400 684 3446 in
700 3399 753 3449 Cal.
832 3398 1313 3464 cient.1.Autcomparareeos...

238 3477 296 3524 Jan.
314 3477 467 3537 inciderent,
485 3479 528 3542 qui
546 3479 598 3528 dies
612 3490 699 3544 postea
716 3481 754 3528 in·
797 3487 844 3524 aut
854 3476 938 3524 sortiri
945 3477 1014 3542 (vide
1025 3477 1058 3526 ad
1070 3481 1123 3535 111,
1134 3494 1164 3536 a,
1178 3495 1203 3526 n.
1222 3475 1247 3543 1)
1256 3480 1313 3543 pla·

238 3557 394 3622 terpouendo
413 3555 488 3606 ¹alium
502 3558 630 3625 suppletus
645 3558 691 3608 sit:
710 3560 751 3608 Li·
795 3555 861 3615 σιιίτ,
875 3567 899 3604 et
908 3553 988 3621 (quod
997 3549 1117 3607 excidisse
1127 3556 1313 3624 videtur)prius

237 3636 305 3685 vium
324 3638 399 3702 igitur
416 3638 605 3702 primum'diem
623 3655 750 3686 numerare
795 3651 870 3699 quam
882 3634 910 3682 id
921 3651 973 3682 sors
986 3648 1095 3684 cerneret
1101 3636 1178 3694 ,·vide
1188 3637 1221 3685 ad
1232 3639 1311 3697 xxt,

237 3717 398 3776 Terminalia,
409 3717 544 3766 secundum
558 3717 622 3766 diem
636 3718 748 3782 inter-po·
795 3723 826 3772 41
838 3714 881 3774 ‚ia
894 3731 920 3765 a.
933 3744 968 3753 —
977 3719 1008 3764 In
1020 3715 1156 3775 incertum
1167 3718 1219 3765 vid.
1231 3718 1311 3766 Gron.

236 3797 325 3858 situm,
338 3798 437 3846 tertium
449 3796 568 3846 Calendas
580 3796 749 3856 intercalares3
793 3783 875 3846 Obsa.¹
885 3797 909 3855 Ι,
928 3797 961 3844 ²5
981 3809 1043 3864 extr.
1055 3824 1090 3833 -
1100 3798 1139 3844 Ne
1150 3797 1213 3862 quid
1224 3798 1310 3864 gratia
1414 3847 1416 3849 .

236 3873 304 3924 etita
314 3893 378 3941 saepe
388 3877 514 3940 utriusque
523 3876 619 3924 termini
628 3877 748 3924 rationem
793 3876 910 3925 momenti
912 3875 1032 3941 faceret,·
1043 3875 1101 3924 vide
1110 3876 1178 3936 adl,
1189 3885 1231 3936 47,
1244 3893 1269 3927 n.
1285 3894 1309 3938 7.

234 3956 262 4003 in
278 3957 429 4008 numerando
446 3957 568 4004 habuisse.
583 3945 658 4005 (lons.
674 3955 706 4003 ad
719 3958 747 4013 Ι,
829 3971 853 4002 a.
872 3956 960 4003 Nullus
985 3966 1064 4002 certus
1085 3954 1172 4020 firritus
1196 3971 1309 4004 numerus

237 4049 278 4096 19,
288 4041 314 4083 n.
326 4036 351 4094 5,
359 4035 390 4093 6,
400 4047 426 4083 et
436 4038 524 4094 ml,
539 4051 584 4094 10,
598 4035 661 4084 n..5.
792 4034 879 4083 civium
891 4050 1066 4092 remunerans,-
1075 4034 1132 4082 vide
1144 4048 1217 4097 supra
1228 4034 1260 4084 ad
1270 4037 1306 4093 ΙΙ,

270 4116 294 4163 8.
319 4113 461 4163 Sacerdotes
484 4115 550 4161 intra
571 4129 626 4161 eum
652 4129 745 4160 annum
794 4115 835 4173 13,
849 4130 875 4161 u.
890 4113 929 4161 13.

254 4291 260 4329 l
