<?xml version="1.0" encoding="UTF-8"?>
<!DOCTYPE html PUBLIC "-//W3C//DTD XHTML 1.0 Transitional//EN"
    "http://www.w3.org/TR/xhtml1/DTD/xhtml1-transitional.dtd">
<html xmlns="http://www.w3.org/1999/xhtml" xml:lang="en" lang="en">
 <head>
  <title>
</title>
<meta http-equiv="Content-Type" content="text/html;charset=utf-8" />
  <meta name='ocr-system' content='tesseract 3.04.00' />
  <meta name='ocr-capabilities' content='ocr_page ocr_carea ocr_par ocr_line ocrx_word'/>
</head>
<body>
  <div class='ocr_page' id='page_1' title='image "./titusliviuspata02freigoog_0358.png"; bbox 0 0 2970 4712; ppageno 0'>
   <div class='ocr_carea' id='block_1_1' title="bbox 186 376 1220 500">
    <p class='ocr_par' dir='ltr' id='par_1_1' title="bbox 186 376 1220 500">
     <span class='ocr_line' id='line_1_1' title="bbox 186 376 1220 500; baseline 0.004 -38"><span class='ocrx_word' id='word_1_1' title='bbox 186 376 306 477; x_wconf 50' lang='lat'>§55:333</span> <span class='ocrx_word' id='word_1_2' title='bbox 375 396 528 462; x_wconf 74' lang='lat' dir='ltr'>sinna</span> <span class='ocrx_word' id='word_1_3' title='bbox 558 396 665 462; x_wconf 75' lang='lat' dir='ltr'>xcv.</span> <span class='ocrx_word' id='word_1_4' title='bbox 695 396 799 472; x_wconf 78' lang='lat' dir='ltr'>car.</span> <span class='ocrx_word' id='word_1_5' title='bbox 827 396 1004 463; x_wconf 81' lang='lat' dir='ltr'><strong>xxx1x.</strong></span> <span class='ocrx_word' id='word_1_6' title='bbox 1142 395 1220 500; x_wconf 66' lang='lat'>349</span> 
     </span>
    </p>
   </div>
   <div class='ocr_carea' id='block_1_2' title="bbox 157 511 1324 2365">
    <p class='ocr_par' dir='ltr' id='par_1_2' title="bbox 157 511 1243 1818">
     <span class='ocr_line' id='line_1_2' title="bbox 159 511 1221 610; baseline 0 -25"><span class='ocrx_word' id='word_1_7' title='bbox 159 519 269 585; x_wconf 81' lang='lat' dir='ltr'>«cam</span> <span class='ocrx_word' id='word_1_8' title='bbox 287 513 381 586; x_wconf 88' lang='lat' dir='ltr'>bene</span> <span class='ocrx_word' id='word_1_9' title='bbox 394 528 527 610; x_wconf 85' lang='lat' dir='ltr'>gestam</span> <span class='ocrx_word' id='word_1_10' title='bbox 547 511 673 584; x_wconf 89' lang='lat' dir='ltr'>redire.</span> <span class='ocrx_word' id='word_1_11' title='bbox 691 517 826 582; x_wconf 84' lang='lat' dir='ltr'><strong>Omnes</strong></span> <span class='ocrx_word' id='word_1_12' title='bbox 844 512 921 584; x_wconf 86' lang='lat' dir='ltr'>illas</span> <span class='ocrx_word' id='word_1_13' title='bbox 936 513 1113 601; x_wconf 85' lang='lat' dir='ltr'>victimas,</span> <span class='ocrx_word' id='word_1_14' title='bbox 1132 525 1221 610; x_wconf 88' lang='lat' dir='ltr'>quas</span> 
     </span>
     <span class='ocr_line' id='line_1_3' title="bbox 158 621 1222 718; baseline 0.007 -31"><span class='ocrx_word' id='word_1_15' title='bbox 158 621 426 693; x_wconf 83' lang='lat' dir='ltr'>«traducendas</span> <span class='ocrx_word' id='word_1_16' title='bbox 451 621 488 690; x_wconf 92' lang='lat' dir='ltr'>in</span> <span class='ocrx_word' id='word_1_17' title='bbox 512 621 697 718; x_wconf 86' lang='lat' dir='ltr'>triumpho</span> <span class='ocrx_word' id='word_1_18' title='bbox 718 621 912 706; x_wconf 89' lang='lat' dir='ltr'>vindicavit</span> <span class='ocrx_word' id='word_1_19' title='bbox 921 634 947 709; x_wconf 84' lang='lat'>⁷,</span> <span class='ocrx_word' id='word_1_20' title='bbox 967 621 1050 694; x_wconf 89' lang='lat' dir='ltr'>alias</span> <span class='ocrx_word' id='word_1_21' title='bbox 1070 623 1140 694; x_wconf 91' lang='lat' dir='ltr'>alio</span> <span class='ocrx_word' id='word_1_22' title='bbox 1157 649 1222 694; x_wconf 86' lang='lat' dir='ltr'>cae·</span> 
     </span>
     <span class='ocr_line' id='line_1_4' title="bbox 159 730 1221 830; baseline 0.008 -34"><span class='ocrx_word' id='word_1_23' title='bbox 159 762 176 797; x_wconf 89' lang='lat'>«</span> <span class='ocrx_word' id='word_1_24' title='bbox 190 730 318 816; x_wconf 87' lang='lat' dir='ltr'>dente,</span> <span class='ocrx_word' id='word_1_25' title='bbox 344 744 507 801; x_wconf 87' lang='lat' dir='ltr'>mactate.</span> <span class='ocrx_word' id='word_1_26' title='bbox 534 730 616 801; x_wconf 92' lang='lat' dir='ltr'>Illas</span> <span class='ocrx_word' id='word_1_27' title='bbox 638 730 785 827; x_wconf 88' lang='lat' dir='ltr'>quidem</span> <span class='ocrx_word' id='word_1_28' title='bbox 812 731 935 828; x_wconf 86' lang='lat' dir='ltr'>epulas</span> <span class='ocrx_word' id='word_1_29' title='bbox 960 747 1121 821; x_wconf 88' lang='lat' dir='ltr'>senatus,</span> <span class='ocrx_word' id='word_1_30' title='bbox 1142 759 1221 830; x_wconf 89' lang='lat' dir='ltr'>quae</span> 
     </span>
     <span class='ocr_line' id='line_1_5' title="bbox 158 839 1221 942; baseline 0.01 -38"><span class='ocrx_word' id='word_1_31' title='bbox 158 870 176 905; x_wconf 69' lang='grc' dir='ltr'>«ι</span> <span class='ocrx_word' id='word_1_32' title='bbox 190 863 257 911; x_wconf 90' lang='lat' dir='ltr'>nec</span> <span class='ocrx_word' id='word_1_33' title='bbox 275 839 415 937; x_wconf 87' lang='lat' dir='ltr'>privato</span> <span class='ocrx_word' id='word_1_34' title='bbox 433 839 535 928; x_wconf 84' lang='lat' dir='ltr'>loen,</span> <span class='ocrx_word' id='word_1_35' title='bbox 553 865 620 912; x_wconf 91' lang='lat' dir='ltr'>nec</span> <span class='ocrx_word' id='word_1_36' title='bbox 636 840 783 938; x_wconf 91' lang='lat' dir='ltr'>publico</span> <span class='ocrx_word' id='word_1_37' title='bbox 799 839 972 936; x_wconf 87' lang='lat' dir='ltr'>profano,</span> <span class='ocrx_word' id='word_1_38' title='bbox 990 843 1103 913; x_wconf 90' lang='lat' dir='ltr'>sedin</span> <span class='ocrx_word' id='word_1_39' title='bbox 1117 846 1221 942; x_wconf 87' lang='lat' dir='ltr'>Capi-</span> 
     </span>
     <span class='ocr_line' id='line_1_6' title="bbox 157 943 1221 1048; baseline 0.008 -33"><span class='ocrx_word' id='word_1_40' title='bbox 157 943 278 1021; x_wconf 77' lang='lat' dir='ltr'>«tolio</span> <span class='ocrx_word' id='word_1_41' title='bbox 304 947 476 1038; x_wconf 86' lang='lat' dir='ltr'>eduntur,</span> <span class='ocrx_word' id='word_1_42' title='bbox 504 965 627 1020; x_wconf 88' lang='lat' dir='ltr'>utrum</span> <span class='ocrx_word' id='word_1_43' title='bbox 650 949 839 1021; x_wconf 91' lang='lat' dir='ltr'>hominum</span> <span class='ocrx_word' id='word_1_44' title='bbox 860 949 1076 1048; x_wconf 80' lang='lat' dir='ltr'>voluptatis⁸</span> <span class='ocrx_word' id='word_1_45' title='bbox 1095 977 1221 1039; x_wconf 88' lang='lat' dir='ltr'>causa,</span> 
     </span>
     <span class='ocr_line' id='line_1_7' title="bbox 159 1059 1220 1168; baseline 0.009 -44"><span class='ocrx_word' id='word_1_46' title='bbox 159 1083 235 1128; x_wconf 83' lang='lat' dir='ltr'>«an</span> <span class='ocrx_word' id='word_1_47' title='bbox 261 1059 412 1130; x_wconf 90' lang='lat' dir='ltr'>deorum</span> <span class='ocrx_word' id='word_1_48' title='bbox 431 1059 714 1168; x_wconf 85' lang='lat' dir='ltr'>hominumque,</span> <span class='ocrx_word' id='word_1_49' title='bbox 735 1075 880 1132; x_wconf 88' lang='lat' dir='ltr'>auctore</span> <span class='ocrx_word' id='word_1_50' title='bbox 898 1063 970 1131; x_wconf 92' lang='lat' dir='ltr'>Ser.</span> <span class='ocrx_word' id='word_1_51' title='bbox 990 1061 1122 1151; x_wconf 82' lang='lat' dir='ltr'>Galba,</span> <span class='ocrx_word' id='word_1_52' title='bbox 1142 1079 1220 1135; x_wconf 86' lang='lat' dir='ltr'>tur-</span> 
     </span>
     <span class='ocr_line' id='line_1_8' title="bbox 158 1168 1243 1268; baseline 0.009 -36"><span class='ocrx_word' id='word_1_53' title='bbox 158 1197 176 1232; x_wconf 87' lang='lat'>«</span> <span class='ocrx_word' id='word_1_54' title='bbox 187 1168 308 1238; x_wconf 89' lang='lat' dir='ltr'>baturi</span> <span class='ocrx_word' id='word_1_55' title='bbox 327 1169 432 1239; x_wconf 84' lang='lat' dir='ltr'>estis?</span> <span class='ocrx_word' id='word_1_56' title='bbox 455 1173 494 1238; x_wconf 91' lang='lat' dir='ltr'>L.</span> <span class='ocrx_word' id='word_1_57' title='bbox 518 1169 630 1241; x_wconf 84' lang='lat' dir='ltr'>Paulli</span> <span class='ocrx_word' id='word_1_58' title='bbox 648 1170 834 1268; x_wconf 89' lang='lat' dir='ltr'>triumpho</span> <span class='ocrx_word' id='word_1_59' title='bbox 850 1185 964 1268; x_wconf 87' lang='lat' dir='ltr'>portae</span> <span class='ocrx_word' id='word_1_60' title='bbox 981 1171 1222 1244; x_wconf 78' lang='lat' dir='ltr'>claudentur?</span> <span class='ocrx_word' id='word_1_61' title='bbox 1241 1213 1243 1218; x_wconf 95' lang='lat'>·</span> 
     </span>
     <span class='ocr_line' id='line_1_9' title="bbox 159 1277 1222 1354; baseline 0.012 -14"><span class='ocrx_word' id='word_1_62' title='bbox 159 1305 176 1340; x_wconf 74' lang='lat' dir='ltr'>e</span> <span class='ocrx_word' id='word_1_63' title='bbox 189 1282 264 1348; x_wconf 85' lang='lat' dir='ltr'>Rex</span> <span class='ocrx_word' id='word_1_64' title='bbox 286 1277 525 1348; x_wconf 74' lang='lat' dir='ltr'>Macedonum</span> <span class='ocrx_word' id='word_1_65' title='bbox 543 1285 691 1350; x_wconf 89' lang='lat' dir='ltr'>Perseus</span> <span class='ocrx_word' id='word_1_66' title='bbox 717 1304 799 1350; x_wconf 91' lang='lat' dir='ltr'>cum</span> <span class='ocrx_word' id='word_1_67' title='bbox 822 1278 945 1351; x_wconf 88' lang='lat' dir='ltr'>liberis</span> <span class='ocrx_word' id='word_1_68' title='bbox 971 1295 1007 1352; x_wconf 89' lang='lat' dir='ltr'>et</span> <span class='ocrx_word' id='word_1_69' title='bbox 1029 1280 1135 1353; x_wconf 86' lang='lat' dir='ltr'>turba</span> <span class='ocrx_word' id='word_1_70' title='bbox 1156 1283 1222 1354; x_wconf 86' lang='lat' dir='ltr'>alia</span> 
     </span>
     <span class='ocr_line' id='line_1_10' title="bbox 159 1387 1222 1486; baseline 0.005 -29"><span class='ocrx_word' id='word_1_71' title='bbox 159 1415 176 1450; x_wconf 71' lang='grc' dir='ltr'>(ι</span> <span class='ocrx_word' id='word_1_72' title='bbox 191 1387 431 1484; x_wconf 89' lang='lat' dir='ltr'>captivorum,</span> <span class='ocrx_word' id='word_1_73' title='bbox 448 1388 561 1486; x_wconf 90' lang='lat' dir='ltr'>spolia</span> <span class='ocrx_word' id='word_1_74' title='bbox 576 1388 817 1460; x_wconf 87' lang='lat' dir='ltr'>Macedonum</span> <span class='ocrx_word' id='word_1_75' title='bbox 826 1439 840 1475; x_wconf 85' lang='lat'>‚·</span> <span class='ocrx_word' id='word_1_76' title='bbox 855 1390 943 1460; x_wconf 87' lang='lat' dir='ltr'>citra</span> <span class='ocrx_word' id='word_1_77' title='bbox 958 1389 1095 1462; x_wconf 87' lang='lat' dir='ltr'>flumen</span> <span class='ocrx_word' id='word_1_78' title='bbox 1112 1392 1222 1463; x_wconf 89' lang='lat' dir='ltr'>relin-</span> 
     </span>
     <span class='ocr_line' id='line_1_11' title="bbox 160 1498 1221 1596; baseline 0.01 -35"><span class='ocrx_word' id='word_1_79' title='bbox 160 1527 177 1561; x_wconf 74' lang='grc' dir='ltr'><strong><em>α</em></strong></span> <span class='ocrx_word' id='word_1_80' title='bbox 192 1499 401 1594; x_wconf 70' lang='lat' dir='ltr'>quenturt?</span> <span class='ocrx_word' id='word_1_81' title='bbox 425 1503 465 1568; x_wconf 89' lang='lat' dir='ltr'>L.</span> <span class='ocrx_word' id='word_1_82' title='bbox 491 1498 635 1568; x_wconf 81' lang='lat' dir='ltr'>Paullus</span> <span class='ocrx_word' id='word_1_83' title='bbox 658 1502 837 1596; x_wconf 82' lang='lat' dir='ltr'>privatus,</span> <span class='ocrx_word' id='word_1_84' title='bbox 851 1515 1037 1596; x_wconf 54' lang='lat' dir='ltr'>,tanquam</span> <span class='ocrx_word' id='word_1_85' title='bbox 1059 1524 1143 1573; x_wconf 90' lang='lat' dir='ltr'>rure</span> <span class='ocrx_word' id='word_1_86' title='bbox 1163 1527 1221 1572; x_wconf 88' lang='lat' dir='ltr'>re-</span> 
     </span>
     <span class='ocr_line' id='line_1_12' title="bbox 160 1605 1222 1705; baseline 0.002 -26"><span class='ocrx_word' id='word_1_87' title='bbox 160 1638 176 1672; x_wconf 87' lang='lat'>«</span> <span class='ocrx_word' id='word_1_88' title='bbox 191 1608 312 1696; x_wconf 76' lang='lat' dir='ltr'>diem,</span> <span class='ocrx_word' id='word_1_89' title='bbox 332 1634 351 1676; x_wconf 89' lang='lat' dir='ltr'>a</span> <span class='ocrx_word' id='word_1_90' title='bbox 368 1624 472 1705; x_wconf 88' lang='lat' dir='ltr'>porta</span> <span class='ocrx_word' id='word_1_91' title='bbox 490 1607 639 1678; x_wconf 90' lang='lat' dir='ltr'>domum</span> <span class='ocrx_word' id='word_1_92' title='bbox 659 1607 735 1679; x_wconf 80' lang='lat' dir='ltr'>ibit.</span> <span class='ocrx_word' id='word_1_93' title='bbox 757 1605 878 1697; x_wconf 65' lang='grc' dir='ltr'><strong>Ειῐιι,</strong></span> <span class='ocrx_word' id='word_1_94' title='bbox 897 1611 1089 1696; x_wconf 66' lang='grc' dir='ltr'>(ιειιῐιιιίιι,Ι</span> <span class='ocrx_word' id='word_1_95' title='bbox 1101 1610 1222 1697; x_wconf 88' lang='lat' dir='ltr'>miles,</span> 
     </span>
     <span class='ocr_line' id='line_1_13' title="bbox 159 1716 1223 1818; baseline 0.002 -30"><span class='ocrx_word' id='word_1_96' title='bbox 159 1748 175 1782; x_wconf 75' lang='grc' dir='ltr'><strong>κ</strong></span> <span class='ocrx_word' id='word_1_97' title='bbox 189 1717 278 1815; x_wconf 92' lang='lat' dir='ltr'>quid</span> <span class='ocrx_word' id='word_1_98' title='bbox 299 1717 344 1788; x_wconf 88' lang='lat' dir='ltr'>de</span> <span class='ocrx_word' id='word_1_99' title='bbox 363 1719 589 1815; x_wconf 86' lang='lat' dir='ltr'>imperatore·</span> <span class='ocrx_word' id='word_1_100' title='bbox 603 1716 726 1790; x_wconf 90' lang='lat' dir='ltr'>Paullo</span> <span class='ocrx_word' id='word_1_101' title='bbox 745 1734 889 1790; x_wconf 87' lang='lat' dir='ltr'>senatus</span> <span class='ocrx_word' id='word_1_102' title='bbox 909 1720 1223 1818; x_wconf 44' lang='lat' dir='ltr'>decrerittpotius‚</span> 
     </span>
    </p>

    <p class='ocr_par' dir='ltr' id='par_1_3' title="bbox 157 1820 1324 2365">
     <span class='ocr_line' id='line_1_14' title="bbox 157 1820 1324 1926; baseline 0.003 -31"><span class='ocrx_word' id='word_1_103' title='bbox 157 1859 176 1894; x_wconf 88' lang='lat'>«</span> <span class='ocrx_word' id='word_1_104' title='bbox 190 1853 300 1926; x_wconf 88' lang='lat' dir='ltr'>quam</span> <span class='ocrx_word' id='word_1_105' title='bbox 327 1827 416 1924; x_wconf 93' lang='lat' dir='ltr'>quid</span> <span class='ocrx_word' id='word_1_106' title='bbox 439 1832 512 1898; x_wconf 89' lang='lat' dir='ltr'>Ser.</span> <span class='ocrx_word' id='word_1_107' title='bbox 539 1826 653 1898; x_wconf 89' lang='lat' dir='ltr'>Galba</span> <span class='ocrx_word' id='word_1_108' title='bbox 678 1826 880 1914; x_wconf 82' lang='lat' dir='ltr'>fabuletur,</span> <span class='ocrx_word' id='word_1_109' title='bbox 898 1828 983 1899; x_wconf 93' lang='lat' dir='ltr'>audi</span> <span class='ocrx_word' id='word_1_110' title='bbox 1000 1856 1017 1898; x_wconf 86' lang='lat'>:-</span> <span class='ocrx_word' id='word_1_111' title='bbox 1032 1842 1067 1899; x_wconf 88' lang='lat' dir='ltr'>et</span> <span class='ocrx_word' id='word_1_112' title='bbox 1083 1827 1154 1899; x_wconf 93' lang='lat' dir='ltr'>hoc</span> <span class='ocrx_word' id='word_1_113' title='bbox 1170 1828 1222 1899; x_wconf 91' lang='lat' dir='ltr'>di·</span> <span class='ocrx_word' id='word_1_114' title='bbox 1323 1820 1324 1824; x_wconf 26' lang='lat'>¹</span> 
     </span>
     <span class='ocr_line' id='line_1_15' title="bbox 160 1937 1222 2061; baseline 0.006 -58"><span class='ocrx_word' id='word_1_115' title='bbox 160 1961 271 2028; x_wconf 78' lang='lat' dir='ltr'>«cere</span> <span class='ocrx_word' id='word_1_116' title='bbox 290 1961 348 2008; x_wconf 89' lang='lat' dir='ltr'>me</span> <span class='ocrx_word' id='word_1_117' title='bbox 365 1938 507 2034; x_wconf 87' lang='lat' dir='ltr'>potius,</span> <span class='ocrx_word' id='word_1_118' title='bbox 529 1961 637 2061; x_wconf 84' lang='lat' dir='ltr'>quarn</span> <span class='ocrx_word' id='word_1_119' title='bbox 659 1937 779 2021; x_wconf 91' lang='lat' dir='ltr'>illum,</span> <span class='ocrx_word' id='word_1_120' title='bbox 802 1939 896 2010; x_wconf 86' lang='lat' dir='ltr'>audi.</span> <span class='ocrx_word' id='word_1_121' title='bbox 920 1938 984 2009; x_wconf 87' lang='lat' dir='ltr'>Ille</span> <span class='ocrx_word' id='word_1_122' title='bbox 1003 1937 1093 2009; x_wconf 88' lang='lat' dir='ltr'>nihil</span> <span class='ocrx_word' id='word_1_123' title='bbox 1104 1963 1222 2036; x_wconf 85' lang='lat' dir='ltr'>‚prae-</span> 
     </span>
     <span class='ocr_line' id='line_1_16' title="bbox 159 2047 1224 2158; baseline 0.005 -44"><span class='ocrx_word' id='word_1_124' title='bbox 159 2079 176 2114; x_wconf 75' lang='lat' dir='ltr'>e</span> <span class='ocrx_word' id='word_1_125' title='bbox 191 2063 353 2158; x_wconf 78' lang='lat' dir='ltr'>terquam</span> <span class='ocrx_word' id='word_1_126' title='bbox 368 2047 486 2143; x_wconf 87' lang='lat' dir='ltr'>loqui,</span> <span class='ocrx_word' id='word_1_127' title='bbox 506 2061 542 2118; x_wconf 88' lang='lat' dir='ltr'>et</span> <span class='ocrx_word' id='word_1_128' title='bbox 560 2049 680 2145; x_wconf 90' lang='lat' dir='ltr'>ipsum</span> <span class='ocrx_word' id='word_1_129' title='bbox 696 2047 868 2119; x_wconf 87' lang='lat' dir='ltr'>maledice</span> <span class='ocrx_word' id='word_1_130' title='bbox 886 2071 926 2118; x_wconf 88' lang='lat' dir='ltr'>ac</span> <span class='ocrx_word' id='word_1_131' title='bbox 942 2049 1115 2145; x_wconf 84' lang='lat' dir='ltr'>maligne,</span> <span class='ocrx_word' id='word_1_132' title='bbox 1134 2049 1224 2119; x_wconf 90' lang='lat' dir='ltr'>didi-</span> 
     </span>
     <span class='ocr_line' id='line_1_17' title="bbox 160 2157 1222 2256; baseline 0.003 -31"><span class='ocrx_word' id='word_1_133' title='bbox 160 2191 177 2226; x_wconf 88' lang='lat'>«</span> <span class='ocrx_word' id='word_1_134' title='bbox 190 2162 260 2230; x_wconf 92' lang='lat' dir='ltr'>cit:</span> <span class='ocrx_word' id='word_1_135' title='bbox 284 2183 351 2254; x_wconf 86' lang='lat' dir='ltr'>ego</span> <span class='ocrx_word' id='word_1_136' title='bbox 371 2173 426 2228; x_wconf 90' lang='lat' dir='ltr'>ter</span> <span class='ocrx_word' id='word_1_137' title='bbox 443 2172 479 2229; x_wconf 90' lang='lat' dir='ltr'>et</span> <span class='ocrx_word' id='word_1_138' title='bbox 494 2159 605 2230; x_wconf 85' lang='lat' dir='ltr'>vicies</span> <span class='ocrx_word' id='word_1_139' title='bbox 618 2182 700 2228; x_wconf 90' lang='lat' dir='ltr'>cum</span> <span class='ocrx_word' id='word_1_140' title='bbox 722 2157 825 2251; x_wconf 85' lang='lat' dir='ltr'>hoste</span> <span class='ocrx_word' id='word_1_141' title='bbox 843 2183 909 2255; x_wconf 92' lang='lat' dir='ltr'>per</span> <span class='ocrx_word' id='word_1_142' title='bbox 928 2159 1222 2256; x_wconf 84' lang='lat' dir='ltr'>provocationem</span> 
     </span>
     <span class='ocr_line' id='line_1_18' title="bbox 158 2267 1224 2365; baseline 0.008 -33"><span class='ocrx_word' id='word_1_143' title='bbox 158 2299 175 2332; x_wconf 86' lang='lat'>«</span> <span class='ocrx_word' id='word_1_144' title='bbox 191 2268 363 2365; x_wconf 84' lang='lat' dir='ltr'>pugnavi;</span> <span class='ocrx_word' id='word_1_145' title='bbox 392 2291 436 2337; x_wconf 88' lang='lat' dir='ltr'>ex</span> <span class='ocrx_word' id='word_1_146' title='bbox 457 2267 647 2356; x_wconf 87' lang='lat' dir='ltr'>omnibus,</span> <span class='ocrx_word' id='word_1_147' title='bbox 670 2293 754 2338; x_wconf 91' lang='lat' dir='ltr'>cum</span> <span class='ocrx_word' id='word_1_148' title='bbox 777 2267 909 2364; x_wconf 93' lang='lat' dir='ltr'>quibus</span> <span class='ocrx_word' id='word_1_149' title='bbox 931 2293 1079 2340; x_wconf 89' lang='lat' dir='ltr'>manum</span> <span class='ocrx_word' id='word_1_150' title='bbox 1101 2293 1224 2340; x_wconf 88' lang='lat' dir='ltr'>conse·</span> 
     </span>
    </p>
   </div>
   <div class='ocr_carea' id='block_1_3' title="bbox 159 2376 1226 2586">
    <p class='ocr_par' dir='ltr' id='par_1_4' title="bbox 159 2376 1226 2586">
     <span class='ocr_line' id='line_1_19' title="bbox 159 2376 1226 2476; baseline 0.008 -35"><span class='ocrx_word' id='word_1_151' title='bbox 159 2408 176 2442; x_wconf 89' lang='lat'>«</span> <span class='ocrx_word' id='word_1_152' title='bbox 189 2381 265 2465; x_wconf 90' lang='lat' dir='ltr'>rui,</span> <span class='ocrx_word' id='word_1_153' title='bbox 288 2378 400 2474; x_wconf 89' lang='lat' dir='ltr'>spolia</span> <span class='ocrx_word' id='word_1_154' title='bbox 421 2377 534 2448; x_wconf 87' lang='lat' dir='ltr'>retuli.</span> <span class='ocrx_word' id='word_1_155' title='bbox 557 2379 700 2476; x_wconf 82' lang='lat' dir='ltr'>Insigne</span> <span class='ocrx_word' id='word_1_156' title='bbox 720 2376 1035 2476; x_wconf 83' lang='lat' dir='ltr'>corpushonestis</span> <span class='ocrx_word' id='word_1_157' title='bbox 1056 2379 1226 2451; x_wconf 57' lang='lat' dir='ltr'>cicatrici:</span> 
     </span>
     <span class='ocr_line' id='line_1_20' title="bbox 160 2484 1224 2586; baseline 0.003 -33"><span class='ocrx_word' id='word_1_158' title='bbox 160 2517 176 2552; x_wconf 79' lang='grc' dir='ltr'><strong>ι</strong></span> <span class='ocrx_word' id='word_1_159' title='bbox 191 2484 280 2573; x_wconf 92' lang='lat' dir='ltr'>bus,</span> <span class='ocrx_word' id='word_1_160' title='bbox 299 2486 467 2558; x_wconf 90' lang='lat' dir='ltr'>omnibus</span> <span class='ocrx_word' id='word_1_161' title='bbox 487 2488 636 2560; x_wconf 85' lang='lat' dir='ltr'>adverso</span> <span class='ocrx_word' id='word_1_162' title='bbox 656 2513 808 2586; x_wconf 89' lang='lat' dir='ltr'>corpore</span> <span class='ocrx_word' id='word_1_163' title='bbox 826 2491 985 2586; x_wconf 90' lang='lat' dir='ltr'>exceptis</span> <span class='ocrx_word' id='word_1_164' title='bbox 998 2501 1042 2578; x_wconf 82' lang='lat'>1⁰,</span> <span class='ocrx_word' id='word_1_165' title='bbox 1063 2489 1191 2562; x_wconf 84' lang='lat' dir='ltr'>habeo.</span> <span class='ocrx_word' id='word_1_166' title='bbox 1207 2523 1224 2556; x_wconf 87' lang='grc'>»</span> 
     </span>
    </p>
   </div>
   <div class='ocr_carea' id='block_1_4' title="bbox 159 2695 1283 3549">
    <p class='ocr_par' dir='ltr' id='par_1_5' title="bbox 159 2695 1283 3312">
     <span class='ocr_line' id='line_1_21' title="bbox 196 2695 1224 2762; baseline 0.004 -20"><span class='ocrx_word' id='word_1_167' title='bbox 196 2713 220 2755; x_wconf 74' lang='lat'>7.</span> <span class='ocrx_word' id='word_1_168' title='bbox 233 2695 404 2743; x_wconf 72' lang='lat' dir='ltr'>T&#39;raducendas</span> <span class='ocrx_word' id='word_1_169' title='bbox 418 2696 443 2743; x_wconf 86' lang='lat' dir='ltr'>in</span> <span class='ocrx_word' id='word_1_170' title='bbox 457 2695 577 2759; x_wconf 78' lang='lat' dir='ltr'>triumpho</span> <span class='ocrx_word' id='word_1_171' title='bbox 591 2695 668 2760; x_wconf 87' lang='lat' dir='ltr'>(vide</span> <span class='ocrx_word' id='word_1_172' title='bbox 712 2696 847 2760; x_wconf 78' lang='lat' dir='ltr'>voluptatis</span> <span class='ocrx_word' id='word_1_173' title='bbox 879 2712 965 2758; x_wconf 85' lang='lat' dir='ltr'>causa,</span> <span class='ocrx_word' id='word_1_174' title='bbox 991 2712 1064 2759; x_wconf 89' lang='lat' dir='ltr'>quam</span> <span class='ocrx_word' id='word_1_175' title='bbox 1092 2697 1224 2762; x_wconf 85' lang='lat' dir='ltr'>voluptatis</span> 
     </span>
     <span class='ocr_line' id='line_1_22' title="bbox 160 2765 1283 2842; baseline 0 -19"><span class='ocrx_word' id='word_1_176' title='bbox 160 2775 191 2823; x_wconf 86' lang='lat' dir='ltr'>ad</span> <span class='ocrx_word' id='word_1_177' title='bbox 213 2777 336 2833; x_wconf 74' lang='lat' dir='ltr'>XXXIV,</span> <span class='ocrx_word' id='word_1_178' title='bbox 355 2775 400 2832; x_wconf 77' lang='lat'>52,</span> <span class='ocrx_word' id='word_1_179' title='bbox 418 2789 444 2822; x_wconf 92' lang='lat' dir='ltr'>n.</span> <span class='ocrx_word' id='word_1_180' title='bbox 466 2777 500 2838; x_wconf 81' lang='lat' dir='ltr'>a)</span> <span class='ocrx_word' id='word_1_181' title='bbox 518 2773 668 2825; x_wconf 76' lang='lat' dir='ltr'>vindicavit:</span> <span class='ocrx_word' id='word_1_182' title='bbox 712 2791 783 2822; x_wconf 85' lang='lat' dir='ltr'>causa</span> <span class='ocrx_word' id='word_1_183' title='bbox 797 2775 901 2822; x_wconf 88' lang='lat' dir='ltr'>deorum</span> <span class='ocrx_word' id='word_1_184' title='bbox 914 2765 1223 2840; x_wconf 82' lang='lat' dir='ltr'>hominumqueepulasin</span> <span class='ocrx_word' id='word_1_185' title='bbox 1281 2823 1283 2842; x_wconf 63' lang='lat'><em>„</em></span> 
     </span>
     <span class='ocr_line' id='line_1_23' title="bbox 159 2851 1226 2918; baseline -0.001 -16"><span class='ocrx_word' id='word_1_186' title='bbox 159 2856 194 2904; x_wconf 83' lang='lat' dir='ltr'>ita</span> <span class='ocrx_word' id='word_1_187' title='bbox 207 2853 263 2902; x_wconf 90' lang='lat' dir='ltr'>edd</span> <span class='ocrx_word' id='word_1_188' title='bbox 276 2852 466 2917; x_wconf 61' lang='lat' dir='ltr'>nonjudicari</span> <span class='ocrx_word' id='word_1_189' title='bbox 474 2851 572 2900; x_wconf 82' lang='lat' dir='ltr'>edidere</span> <span class='ocrx_word' id='word_1_190' title='bbox 581 2853 666 2916; x_wconf 74' lang='lat' dir='ltr'>Sigon,</span> <span class='ocrx_word' id='word_1_191' title='bbox 712 2852 837 2918; x_wconf 84' lang='lat' dir='ltr'>Capitolio</span> <span class='ocrx_word' id='word_1_192' title='bbox 849 2851 993 2900; x_wconf 73' lang='lat' dir='ltr'>celebrari».</span> <span class='ocrx_word' id='word_1_193' title='bbox 1004 2853 1050 2898; x_wconf 86' lang='lat' dir='ltr'>Eu.</span> <span class='ocrx_word' id='word_1_194' title='bbox 1059 2856 1129 2899; x_wconf 79' lang='lat' dir='ltr'>-L</span> <span class='ocrx_word' id='word_1_195' title='bbox 1142 2853 1226 2902; x_wconf 82' lang='lat' dir='ltr'>Paulli</span> 
     </span>
     <span class='ocr_line' id='line_1_24' title="bbox 160 2929 1225 2996; baseline -0.002 -14"><span class='ocrx_word' id='word_1_196' title='bbox 160 2945 186 2982; x_wconf 86' lang='lat' dir='ltr'>et</span> <span class='ocrx_word' id='word_1_197' title='bbox 204 2932 254 2979; x_wconf 86' lang='lat' dir='ltr'>alii.</span> <span class='ocrx_word' id='word_1_198' title='bbox 272 2934 302 2978; x_wconf 84' lang='lat' dir='ltr'>Ia</span> <span class='ocrx_word' id='word_1_199' title='bbox 323 2929 468 2994; x_wconf 77' lang='lat' dir='ltr'>triumphum</span> <span class='ocrx_word' id='word_1_200' title='bbox 492 2929 581 2978; x_wconf 82' lang='lat' dir='ltr'>dicarit</span> <span class='ocrx_word' id='word_1_201' title='bbox 602 2932 668 2991; x_wconf 82' lang='lat' dir='ltr'>conj</span> <span class='ocrx_word' id='word_1_202' title='bbox 714 2931 834 2996; x_wconf 78' lang='lat' dir='ltr'>triumpho</span> <span class='ocrx_word' id='word_1_203' title='bbox 845 2942 929 2995; x_wconf 78' lang='lat' dir='ltr'>porta</span> <span class='ocrx_word' id='word_1_204' title='bbox 941 2929 1098 2988; x_wconf 83' lang='lat' dir='ltr'>claudentur</span> <span class='ocrx_word' id='word_1_205' title='bbox 1114 2933 1171 2979; x_wconf 90' lang='lat' dir='ltr'>hoc</span> <span class='ocrx_word' id='word_1_206' title='bbox 1175 2943 1225 2991; x_wconf 86' lang='lat' dir='ltr'>est,</span> 
     </span>
     <span class='ocr_line' id='line_1_25' title="bbox 160 3007 1224 3098; baseline -0.002 -38"><span class='ocrx_word' id='word_1_207' title='bbox 160 3010 267 3060; x_wconf 87' lang='lat' dir='ltr'>Turneb.</span> <span class='ocrx_word' id='word_1_208' title='bbox 280 3007 468 3056; x_wconf 82' lang='lat' dir='ltr'>traducendas&#39;</span> <span class='ocrx_word' id='word_1_209' title='bbox 459 3025 483 3056; x_wconf 88' lang='lat' dir='ltr'>m</span> <span class='ocrx_word' id='word_1_210' title='bbox 495 3007 615 3071; x_wconf 80' lang='lat' dir='ltr'>triumpho</span> <span class='ocrx_word' id='word_1_211' title='bbox 628 3008 669 3062; x_wconf 83' lang='lat' dir='ltr'>di·</span> <span class='ocrx_word' id='word_1_212' title='bbox 714 3011 826 3058; x_wconf 85' lang='lat' dir='ltr'>Paullum</span> <span class='ocrx_word' id='word_1_213' title='bbox 848 3008 1063 3072; x_wconf 78' lang='lat' dir='ltr'>triumphantem</span> <span class='ocrx_word' id='word_1_214' title='bbox 1054 3009 1116 3056; x_wconf 89' lang='lat' dir='ltr'>mire</span> <span class='ocrx_word' id='word_1_215' title='bbox 1132 3009 1224 3098; x_wconf 84' lang='lat' dir='ltr'>Urbem</span> 
     </span>
     <span class='ocr_line' id='line_1_26' title="bbox 160 3086 916 3152; baseline -0.005 -14"><span class='ocrx_word' id='word_1_216' title='bbox 160 3089 225 3138; x_wconf 82' lang='lat' dir='ltr'>cavit</span> <span class='ocrx_word' id='word_1_217' title='bbox 239 3086 366 3136; x_wconf 80' lang='lat' dir='ltr'>etlocavit</span> <span class='ocrx_word' id='word_1_218' title='bbox 381 3090 494 3137; x_wconf 85' lang='lat' dir='ltr'>Gronov.</span> <span class='ocrx_word' id='word_1_219' title='bbox 514 3102 630 3145; x_wconf 83' lang='lat' dir='ltr'>monens,</span> <span class='ocrx_word' id='word_1_220' title='bbox 646 3097 670 3135; x_wconf 88' lang='lat' dir='ltr'>et</span> <span class='ocrx_word' id='word_1_221' title='bbox 713 3088 916 3152; x_wconf 79' lang='lat' dir='ltr'>prohibebimus?</span> 
     </span>
     <span class='ocr_line' id='line_1_27' title="bbox 161 3164 1224 3233; baseline 0 -17"><span class='ocrx_word' id='word_1_222' title='bbox 161 3170 198 3216; x_wconf 87' lang='lat' dir='ltr'>his</span> <span class='ocrx_word' id='word_1_223' title='bbox 220 3167 375 3232; x_wconf 83' lang='lat' dir='ltr'>apparatibus</span> <span class='ocrx_word' id='word_1_224' title='bbox 394 3165 523 3230; x_wconf 83' lang='lat' dir='ltr'>praehenda</span> <span class='ocrx_word' id='word_1_225' title='bbox 541 3164 615 3214; x_wconf 76' lang='lat' dir='ltr'>fuisse</span> <span class='ocrx_word' id='word_1_226' title='bbox 632 3165 669 3213; x_wconf 90' lang='lat' dir='ltr'>lo·</span> <span class='ocrx_word' id='word_1_227' title='bbox 708 3183 774 3230; x_wconf 86' lang='lat'>·.9</span> <span class='ocrx_word' id='word_1_228' title='bbox 799 3166 867 3216; x_wconf 84' lang='lat' dir='ltr'>Citra</span> <span class='ocrx_word' id='word_1_229' title='bbox 876 3166 989 3233; x_wconf 75' lang='lat' dir='ltr'>flaraerr,</span> <span class='ocrx_word' id='word_1_230' title='bbox 1009 3165 1130 3224; x_wconf 86' lang='lat' dir='ltr'>Tiberim,</span> <span class='ocrx_word' id='word_1_231' title='bbox 1152 3165 1224 3216; x_wconf 78' lang='lat' dir='ltr'>relin-</span> 
     </span>
     <span class='ocr_line' id='line_1_28' title="bbox 161 3244 1223 3312; baseline 0 -16"><span class='ocrx_word' id='word_1_232' title='bbox 161 3259 222 3296; x_wconf 85' lang='lat' dir='ltr'>cata.</span> <span class='ocrx_word' id='word_1_233' title='bbox 231 3251 303 3296; x_wconf 87' lang='lat' dir='ltr'>Forte</span> <span class='ocrx_word' id='word_1_234' title='bbox 311 3248 358 3312; x_wconf 85' lang='lat' dir='ltr'>leg.</span> <span class='ocrx_word' id='word_1_235' title='bbox 369 3246 416 3294; x_wconf 76' lang='lat' dir='ltr'>dits</span> <span class='ocrx_word' id='word_1_236' title='bbox 427 3244 525 3294; x_wconf 81' lang='lat' dir='ltr'>dicavit.</span> <span class='ocrx_word' id='word_1_237' title='bbox 712 3259 816 3311; x_wconf 81' lang='lat' dir='ltr'>queretur</span> <span class='ocrx_word' id='word_1_238' title='bbox 826 3263 835 3294; x_wconf 91' lang='lat'>.·</span> <span class='ocrx_word' id='word_1_239' title='bbox 844 3247 909 3296; x_wconf 81' lang='lat' dir='ltr'>forte</span> <span class='ocrx_word' id='word_1_240' title='bbox 923 3246 971 3308; x_wconf 77' lang='lat' dir='ltr'>leg.</span> <span class='ocrx_word' id='word_1_241' title='bbox 983 3244 1159 3312; x_wconf 76' lang='lat' dir='ltr'>nitraflamea:</span> <span class='ocrx_word' id='word_1_242' title='bbox 1168 3263 1223 3296; x_wconf 83' lang='lat' dir='ltr'>uem</span> 
     </span>
    </p>

    <p class='ocr_par' dir='ltr' id='par_1_6' title="bbox 160 3323 1224 3549">
     <span class='ocr_line' id='line_1_29' title="bbox 198 3323 1224 3390; baseline 0 -16"><span class='ocrx_word' id='word_1_243' title='bbox 198 3329 222 3374; x_wconf 83' lang='lat'>8.</span> <span class='ocrx_word' id='word_1_244' title='bbox 235 3329 319 3374; x_wconf 84' lang='lat' dir='ltr'>Utrum</span> <span class='ocrx_word' id='word_1_245' title='bbox 328 3325 451 3374; x_wconf 79' lang='lat' dir='ltr'>hominum</span> <span class='ocrx_word' id='word_1_246' title='bbox 462 3323 612 3389; x_wconf 59' lang='lat' dir='ltr'>voluptati,</span> <span class='ocrx_word' id='word_1_247' title='bbox 623 3336 668 3375; x_wconf 87' lang='lat' dir='ltr'>etc.</span> <span class='ocrx_word' id='word_1_248' title='bbox 711 3327 738 3374; x_wconf 89' lang='lat' dir='ltr'>in</span> <span class='ocrx_word' id='word_1_249' title='bbox 755 3327 821 3375; x_wconf 86' lang='lat' dir='ltr'>Urbe</span> <span class='ocrx_word' id='word_1_250' title='bbox 833 3337 858 3375; x_wconf 89' lang='lat' dir='ltr'>et</span> <span class='ocrx_word' id='word_1_251' title='bbox 875 3325 999 3390; x_wconf 80' lang='lat' dir='ltr'>Capitolio</span> <span class='ocrx_word' id='word_1_252' title='bbox 1016 3325 1103 3373; x_wconf 90' lang='lat' dir='ltr'>concio</span> <span class='ocrx_word' id='word_1_253' title='bbox 1122 3325 1224 3375; x_wconf 76' lang='lat' dir='ltr'>habeba-</span> 
     </span>
     <span class='ocr_line' id='line_1_30' title="bbox 162 3403 1223 3470; baseline 0.003 -19"><span class='ocrx_word' id='word_1_254' title='bbox 162 3406 224 3454; x_wconf 88' lang='lat' dir='ltr'>forte</span> <span class='ocrx_word' id='word_1_255' title='bbox 234 3422 282 3452; x_wconf 85' lang='lat' dir='ltr'>non</span> <span class='ocrx_word' id='word_1_256' title='bbox 296 3405 420 3453; x_wconf 74' lang='lat' dir='ltr'>leomianus</span> <span class='ocrx_word' id='word_1_257' title='bbox 434 3403 667 3468; x_wconf 61' lang='lat' dir='ltr'>reclamationum,</span> <span class='ocrx_word' id='word_1_258' title='bbox 713 3417 761 3454; x_wconf 89' lang='lat' dir='ltr'>tur.</span> <span class='ocrx_word' id='word_1_259' title='bbox 771 3406 842 3455; x_wconf 90' lang='lat' dir='ltr'>Conf.</span> <span class='ocrx_word' id='word_1_260' title='bbox 854 3421 910 3470; x_wconf 83' lang='lat' dir='ltr'>cap.</span> <span class='ocrx_word' id='word_1_261' title='bbox 922 3406 965 3452; x_wconf 81' lang='lat'>36.</span> <span class='ocrx_word' id='word_1_262' title='bbox 977 3405 1040 3452; x_wconf 84' lang='lat' dir='ltr'>Mox</span> <span class='ocrx_word' id='word_1_263' title='bbox 1049 3415 1076 3451; x_wconf 86' lang='lat' dir='ltr'>at</span> <span class='ocrx_word' id='word_1_264' title='bbox 1085 3416 1129 3461; x_wconf 84' lang='lat' dir='ltr'>ta,</span> <span class='ocrx_word' id='word_1_265' title='bbox 1143 3417 1223 3454; x_wconf 84' lang='lat' dir='ltr'>centu-</span> 
     </span>
     <span class='ocr_line' id='line_1_31' title="bbox 160 3479 1223 3549; baseline 0.001 -17"><span class='ocrx_word' id='word_1_266' title='bbox 160 3484 205 3532; x_wconf 83' lang='lat' dir='ltr'>sed</span> <span class='ocrx_word' id='word_1_267' title='bbox 218 3484 318 3532; x_wconf 81' lang='lat' dir='ltr'>decretm</span> <span class='ocrx_word' id='word_1_268' title='bbox 331 3483 450 3540; x_wconf 64' lang='grc' dir='ltr'><strong>Ιιοιιοήις</strong></span> <span class='ocrx_word' id='word_1_269' title='bbox 465 3479 677 3532; x_wconf 83' lang='lat' dir='ltr'>Crev.Verio&#39;rem·</span> <span class='ocrx_word' id='word_1_270' title='bbox 704 3485 778 3534; x_wconf 77' lang='grc' dir='ltr'>Ινιό...</span> <span class='ocrx_word' id='word_1_271' title='bbox 791 3497 815 3532; x_wconf 89' lang='lat' dir='ltr'>et</span> <span class='ocrx_word' id='word_1_272' title='bbox 825 3485 870 3532; x_wconf 82' lang='lat' dir='ltr'>lioc</span> <span class='ocrx_word' id='word_1_273' title='bbox 881 3484 999 3531; x_wconf 83' lang='lat' dir='ltr'>dicentem</span> <span class='ocrx_word' id='word_1_274' title='bbox 1011 3499 1049 3530; x_wconf 90' lang='lat' dir='ltr'>me</span> <span class='ocrx_word' id='word_1_275' title='bbox 1055 3483 1223 3549; x_wconf 69' lang='lat' dir='ltr'>potiusquam</span> 
     </span>
    </p>
   </div>
   <div class='ocr_carea' id='block_1_5' title="bbox 155 3562 1223 3626">
    <p class='ocr_par' dir='ltr' id='par_1_7' title="bbox 155 3562 1223 3626">
     <span class='ocr_line' id='line_1_32' title="bbox 155 3562 1223 3626; baseline 0 -16"><span class='ocrx_word' id='word_1_276' title='bbox 155 3563 305 3612; x_wconf 72' lang='lat' dir='ltr'>vmedicinam</span> <span class='ocrx_word' id='word_1_277' title='bbox 317 3563 347 3610; x_wconf 83' lang='lat' dir='ltr'>ab</span> <span class='ocrx_word' id='word_1_278' title='bbox 365 3562 495 3626; x_wconf 84' lang='lat' dir='ltr'>integriore</span> <span class='ocrx_word' id='word_1_279' title='bbox 509 3562 566 3610; x_wconf 87' lang='lat' dir='ltr'>cod.</span> <span class='ocrx_word' id='word_1_280' title='bbox 584 3579 668 3626; x_wconf 83' lang='lat' dir='ltr'>exspe-</span> <span class='ocrx_word' id='word_1_281' title='bbox 713 3565 780 3613; x_wconf 84' lang='lat' dir='ltr'>illum</span> <span class='ocrx_word' id='word_1_282' title='bbox 795 3564 857 3611; x_wconf 85' lang='lat' dir='ltr'>audi</span> <span class='ocrx_word' id='word_1_283' title='bbox 867 3565 928 3612; x_wconf 87' lang='lat' dir='ltr'>bene</span> <span class='ocrx_word' id='word_1_284' title='bbox 942 3563 1009 3624; x_wconf 86' lang='lat' dir='ltr'>conj.</span> <span class='ocrx_word' id='word_1_285' title='bbox 1022 3563 1112 3620; x_wconf 77' lang='lat' dir='ltr'>Geom,</span> <span class='ocrx_word' id='word_1_286' title='bbox 1122 3573 1146 3610; x_wconf 89' lang='lat' dir='ltr'>et</span> <span class='ocrx_word' id='word_1_287' title='bbox 1155 3563 1223 3611; x_wconf 85' lang='lat' dir='ltr'>dein-</span> 
     </span>
    </p>
   </div>
   <div class='ocr_carea' id='block_1_6' title="bbox 160 3635 1223 3784">
    <p class='ocr_par' dir='ltr' id='par_1_8' title="bbox 160 3635 1223 3784">
     <span class='ocr_line' id='line_1_33' title="bbox 160 3635 1223 3708; baseline 0.001 -18"><span class='ocrx_word' id='word_1_288' title='bbox 160 3642 273 3690; x_wconf 86' lang='lat' dir='ltr'>ctandam</span> <span class='ocrx_word' id='word_1_289' title='bbox 290 3642 403 3690; x_wconf 80' lang='lat' dir='ltr'>censebat</span> <span class='ocrx_word' id='word_1_290' title='bbox 420 3641 494 3689; x_wconf 81' lang='lat' dir='ltr'>Drak.</span> <span class='ocrx_word' id='word_1_291' title='bbox 516 3667 549 3678; x_wconf 88' lang='lat'>-</span> <span class='ocrx_word' id='word_1_292' title='bbox 571 3640 667 3690; x_wconf 85' lang='lat' dir='ltr'>Walch.</span> <span class='ocrx_word' id='word_1_293' title='bbox 713 3645 743 3692; x_wconf 88' lang='lat' dir='ltr'>de</span> <span class='ocrx_word' id='word_1_294' title='bbox 762 3643 839 3708; x_wconf 67' lang='lat' dir='ltr'>iosrtm</span> <span class='ocrx_word' id='word_1_295' title='bbox 858 3643 886 3690; x_wconf 89' lang='lat' dir='ltr'>id</span> <span class='ocrx_word' id='word_1_296' title='bbox 903 3641 1029 3689; x_wconf 82' lang='lat' dir='ltr'>maledice.</span> <span class='ocrx_word' id='word_1_297' title='bbox 1046 3635 1122 3688; x_wconf 71' lang='lat' dir='ltr'>Proh.</span> <span class='ocrx_word' id='word_1_298' title='bbox 1142 3657 1155 3688; x_wconf 87' lang='lat' dir='ltr'>e</span> <span class='ocrx_word' id='word_1_299' title='bbox 1177 3644 1223 3691; x_wconf 87' lang='lat' dir='ltr'>MS</span> 
     </span>
     <span class='ocr_line' id='line_1_34' title="bbox 161 3709 1222 3784; baseline -0.008 -16"><span class='ocrx_word' id='word_1_300' title='bbox 161 3720 262 3768; x_wconf 84' lang='lat' dir='ltr'>Emend.</span> <span class='ocrx_word' id='word_1_301' title='bbox 285 3721 338 3782; x_wconf 64' lang='lat' dir='ltr'>Lim</span> <span class='ocrx_word' id='word_1_302' title='bbox 359 3735 414 3784; x_wconf 81' lang='lat' dir='ltr'>pag.</span> <span class='ocrx_word' id='word_1_303' title='bbox 442 3720 499 3778; x_wconf 80' lang='lat'>115,</span> <span class='ocrx_word' id='word_1_304' title='bbox 524 3718 668 3782; x_wconf 78' lang='lat' dir='ltr'>distinguit:</span> <span class='ocrx_word' id='word_1_305' title='bbox 704 3715 784 3779; x_wconf 86' lang='lat' dir='ltr'>ipsud</span> <span class='ocrx_word' id='word_1_306' title='bbox 799 3713 924 3762; x_wconf 84' lang='lat' dir='ltr'>maledice.</span> <span class='ocrx_word' id='word_1_307' title='bbox 937 3709 1222 3760; x_wconf 75' lang='lat' dir='ltr'>-Pmdetrertemale</span> 
     </span>
    </p>
   </div>
   <div class='ocr_carea' id='block_1_7' title="bbox 161 3790 1224 4180">
    <p class='ocr_par' dir='ltr' id='par_1_9' title="bbox 161 3790 1224 4018">
     <span class='ocr_line' id='line_1_35' title="bbox 163 3790 1224 3858; baseline -0.007 -12"><span class='ocrx_word' id='word_1_308' title='bbox 163 3801 249 3846; x_wconf 81' lang='lat' dir='ltr'>Uerrem</span> <span class='ocrx_word' id='word_1_309' title='bbox 256 3797 380 3845; x_wconf 78' lang='lat' dir='ltr'>homimem</span> <span class='ocrx_word' id='word_1_310' title='bbox 389 3797 522 3858; x_wconf 81' lang='lat' dir='ltr'>voluptatis</span> <span class='ocrx_word' id='word_1_311' title='bbox 531 3813 607 3844; x_wconf 75' lang='lat' dir='ltr'>carisa</span> <span class='ocrx_word' id='word_1_312' title='bbox 614 3830 622 3853; x_wconf 92' lang='lat'><em>,</em></span> <span class='ocrx_word' id='word_1_313' title='bbox 635 3814 668 3845; x_wconf 83' lang='lat' dir='ltr'>an</span> <span class='ocrx_word' id='word_1_314' title='bbox 705 3794 840 3858; x_wconf 81' lang='lat' dir='ltr'>legebatur·</span> <span class='ocrx_word' id='word_1_315' title='bbox 849 3790 960 3840; x_wconf 70' lang='lat' dir='ltr'>decrerit.¹</span> <span class='ocrx_word' id='word_1_316' title='bbox 977 3793 1107 3840; x_wconf 80' lang='lat' dir='ltr'>Contracta</span> <span class='ocrx_word' id='word_1_317' title='bbox 1120 3790 1224 3839; x_wconf 85' lang='lat' dir='ltr'>decrerit</span> 
     </span>
     <span class='ocr_line' id='line_1_36' title="bbox 161 3868 1223 3938; baseline -0.005 -15"><span class='ocrx_word' id='word_1_318' title='bbox 161 3877 260 3924; x_wconf 87' lang='lat' dir='ltr'>deorum</span> <span class='ocrx_word' id='word_1_319' title='bbox 273 3875 464 3938; x_wconf 75' lang='lat' dir='ltr'>hominumque?</span> <span class='ocrx_word' id='word_1_320' title='bbox 477 3886 576 3922; x_wconf 87' lang='lat' dir='ltr'>auctore</span> <span class='ocrx_word' id='word_1_321' title='bbox 588 3875 667 3924; x_wconf 81' lang='lat' dir='ltr'>Servio</span> <span class='ocrx_word' id='word_1_322' title='bbox 710 3873 809 3932; x_wconf 88' lang='lat' dir='ltr'>dicitur,</span> <span class='ocrx_word' id='word_1_323' title='bbox 821 3883 850 3920; x_wconf 84' lang='lat' dir='ltr'>ut</span> <span class='ocrx_word' id='word_1_324' title='bbox 860 3871 989 3926; x_wconf 80' lang='lat' dir='ltr'>decresset,</span> <span class='ocrx_word' id='word_1_325' title='bbox 1004 3868 1035 3916; x_wconf 86' lang='lat' dir='ltr'>de</span> <span class='ocrx_word' id='word_1_326' title='bbox 1048 3884 1098 3931; x_wconf 88' lang='lat' dir='ltr'>quo</span> <span class='ocrx_word' id='word_1_327' title='bbox 1111 3869 1223 3919; x_wconf 87' lang='lat' dir='ltr'>videatur</span> 
     </span>
     <span class='ocr_line' id='line_1_37' title="bbox 162 3947 1054 4018; baseline -0.006 -15"><span class='ocrx_word' id='word_1_328' title='bbox 162 3955 259 4012; x_wconf 84' lang='lat' dir='ltr'>Galba,</span> <span class='ocrx_word' id='word_1_329' title='bbox 273 3965 320 4003; x_wconf 88' lang='lat' dir='ltr'>etc.</span> <span class='ocrx_word' id='word_1_330' title='bbox 333 3954 381 4002; x_wconf 92' lang='lat' dir='ltr'>hoc</span> <span class='ocrx_word' id='word_1_331' title='bbox 399 3955 616 4018; x_wconf 77' lang='lat' dir='ltr'>nempeNostrum</span> <span class='ocrx_word' id='word_1_332' title='bbox 629 3969 670 4002; x_wconf 85' lang='lat' dir='ltr'>ro·</span> <span class='ocrx_word' id='word_1_333' title='bbox 710 3952 788 4000; x_wconf 79' lang='lat' dir='ltr'>Drak.</span> <span class='ocrx_word' id='word_1_334' title='bbox 800 3951 880 4008; x_wconf 67' lang='lat' dir='ltr'>tid-11,</span> <span class='ocrx_word' id='word_1_335' title='bbox 891 3949 932 4010; x_wconf 81' lang='lat'>37,</span> <span class='ocrx_word' id='word_1_336' title='bbox 946 3947 998 4012; x_wconf 69' lang='lat'>58.</span> <span class='ocrx_word' id='word_1_337' title='bbox 1009 3950 1054 3998; x_wconf 86' lang='grc' dir='ltr'><strong>Ειι.</strong></span> 
     </span>
    </p>

    <p class='ocr_par' dir='ltr' id='par_1_10' title="bbox 161 4025 1224 4180">
     <span class='ocr_line' id='line_1_38' title="bbox 161 4025 1222 4096; baseline -0.005 -14"><span class='ocrx_word' id='word_1_338' title='bbox 161 4035 250 4082; x_wconf 84' lang='lat' dir='ltr'>luisse:</span> <span class='ocrx_word' id='word_1_339' title='bbox 265 4055 278 4076; x_wconf 71' lang='grc' dir='ltr'><strong>α</strong></span> <span class='ocrx_word' id='word_1_340' title='bbox 287 4035 327 4081; x_wconf 82' lang='lat' dir='ltr'>An</span> <span class='ocrx_word' id='word_1_341' title='bbox 345 4032 406 4081; x_wconf 87' lang='lat' dir='ltr'>adeo</span> <span class='ocrx_word' id='word_1_342' title='bbox 423 4031 527 4080; x_wconf 84' lang='lat' dir='ltr'>stolidus</span> <span class='ocrx_word' id='word_1_343' title='bbox 542 4032 669 4096; x_wconf 83' lang='lat' dir='ltr'>quisquam</span> <span class='ocrx_word' id='word_1_344' title='bbox 718 4061 720 4066; x_wconf 70' lang='lat'>,</span> <span class='ocrx_word' id='word_1_345' title='bbox 752 4046 793 4079; x_wconf 85' lang='grc' dir='ltr'>ιο.</span> <span class='ocrx_word' id='word_1_346' title='bbox 805 4027 919 4077; x_wconf 69' lang='lat' dir='ltr'>Horrescit</span> <span class='ocrx_word' id='word_1_347' title='bbox 933 4025 1103 4083; x_wconf 43' lang='lat' dir='ltr'>cicomacum</span> <span class='ocrx_word' id='word_1_348' title='bbox 1114 4027 1222 4077; x_wconf 76' lang='lat' dir='ltr'>crinibus</span> 
     </span>
     <span class='ocr_line' id='line_1_39' title="bbox 161 4097 1224 4180; baseline -0.007 -18"><span class='ocrx_word' id='word_1_349' title='bbox 161 4131 211 4162; x_wconf 82' lang='lat' dir='ltr'>esse</span> <span class='ocrx_word' id='word_1_350' title='bbox 220 4123 315 4180; x_wconf 84' lang='lat' dir='ltr'>potest,</span> <span class='ocrx_word' id='word_1_351' title='bbox 328 4097 355 4160; x_wconf 83' lang='lat' dir='ltr'>ut</span> <span class='ocrx_word' id='word_1_352' title='bbox 369 4122 438 4176; x_wconf 89' lang='lat' dir='ltr'>putet</span> <span class='ocrx_word' id='word_1_353' title='bbox 450 4111 576 4160; x_wconf 85' lang='lat' dir='ltr'>hominum</span> <span class='ocrx_word' id='word_1_354' title='bbox 586 4111 670 4174; x_wconf 82' lang='lat' dir='ltr'>potius</span> <span class='ocrx_word' id='word_1_355' title='bbox 714 4109 813 4157; x_wconf 82' lang='lat' dir='ltr'>adverso</span> <span class='ocrx_word' id='word_1_356' title='bbox 825 4121 926 4170; x_wconf 87' lang='lat' dir='ltr'>corpore</span> <span class='ocrx_word' id='word_1_357' title='bbox 936 4105 1058 4170; x_wconf 85' lang='lat' dir='ltr'>acceptis‚·</span> <span class='ocrx_word' id='word_1_358' title='bbox 1072 4104 1127 4154; x_wconf 84' lang='lat' dir='ltr'>vide</span> <span class='ocrx_word' id='word_1_359' title='bbox 1140 4105 1171 4153; x_wconf 83' lang='lat' dir='ltr'>ud</span> <span class='ocrx_word' id='word_1_360' title='bbox 1184 4109 1224 4168; x_wconf 85' lang='grc' dir='ltr'>Π,</span> 
     </span>
    </p>
   </div>
   <div class='ocr_carea' id='block_1_8' title="bbox 0 0 1492 4712">
    <p class='ocr_par' dir='ltr' id='par_1_11' title="bbox 0 0 1492 4712">
     <span class='ocr_line' id='line_1_40' title="bbox 0 0 1492 4712; baseline 0 0"><span class='ocrx_word' id='word_1_361' title='bbox 0 0 1492 4712; x_wconf 95' lang='lat' dir='ltr'> </span> 
     </span>
    </p>
   </div>
  </div>
 </body>
</html>
