2982 4702
1115 251 1125 278 Ι

246 327 311 397 128
663 327 703 392 r.
735 327 876 394 trvrr
1149 307 1275 414 2:233:

241 451 322 532 sint,
333 447 413 537 quid
429 470 448 510 a
465 463 579 510 senatu
592 467 787 534 responsum
804 445 918 526 fuerit,
932 445 966 508 in
983 447 1106 510 incerto
1123 465 1181 512 est.
1198 450 1302 532 Quie-

241 554 290 618 vit
308 569 416 615 tamen
433 549 521 612 velut
536 547 638 635 sopita
654 547 723 622 haec
739 547 956 610 controversia
971 569 1029 635 per
1046 549 1169 636 aliquot
1185 573 1299 615 annos.

240 657 402 718 Renovate
430 665 541 737 postea
569 649 603 710 in
628 670 700 712 acre
726 648 847 712 bellum
872 647 1006 728 exarsit,
1029 648 1119 734 quod
1146 649 1300 715 adversus

239 753 441 820 Masinissam
461 773 478 813 a
503 749 607 813 Poenis
630 766 816 836 susceptum
840 770 916 811 cum
941 749 1095 812 Romanis
1119 750 1299 836 gerendum

239 858 319 938 ibit,
338 877 399 920 nec
420 853 482 916 nisi
501 850 701 939 Carthaginis
723 848 858 912 interitu
881 847 1008 912 finitum
1033 865 1092 914 est.
1115 850 1187 913 Hoc
1211 873 1299 914 anno

238 957 419 1026 invenimus
444 955 478 1017 in
504 952 689 1031 annalibus,
710 973 850 1038 puerum
876 950 997 1014 factum
1025 974 1064 1014 ex
1088 952 1212 1040 virgine
1236 953 1298 1015 sub

239 1059 442 1150 parentibus,
458 1056 615 1142 jussuque
639 1053 846 1140 haruspicum
874 1051 1079 1140 deportatum
1104 1054 1138 1116 in
1159 1054 1297 1118 insulam

238 1163 407 1226 desertam.

282 1263 372 1350 (IV).
389 1260 506 1324 Habita
529 1272 607 1321 sunt
633 1278 651 1318 a
675 1257 709 1319 C.
734 1253 841 1319 Cassio
864 1255 996 1319 consule
1017 1255 1160 1337 comitia,
1178 1257 1297 1344 quibus

240 1364 337 1428 creati
352 1361 501 1426 consules
518 1360 556 1422 A.
567 1355 723 1421 Hostilius
737 1356 925 1438 Mancinus,
947 1360 986 1422 A.
999 1358 1113 1421 Atilius
1129 1359 1297 1424 Serranus.

240 1470 396 1533 Praetores
412 1461 492 1526 inde'
506 1459 582 1523 l'aeti
600 1458 787 1540 Miletius,
810 1460 851 1540 Q.
865 1458 1018 1540 Maenius,
1036 1461 1072 1524 L.
1087 1461 1297 1544 Hortensius,

240 1570 280 1652 Q.
299 1567 404 1633 AElius
422 1564 544 1643 Paetus,
564 1561 602 1625 T.
618 1560 757 1623 Manlius
768 1562 970 1648 Torquatus,
995 1563 1031 1624 C.
1048 1561 1213 1626 Hostilius.
1231 1566 1297 1627 De·

239 1687 332 1735 cretae
354 1665 543 1731 consulibus
561 1661 733 1751 provinciae
752 1662 841 1725 Italia
863 1677 896 1724 et
911 1661 1109 1727 Macedonia.
1124 1664 1214 1728 Italia
1228 1666 1297 1748 Ati·

236 1771 299 1853 lio,
320 1767 458 1832 Hostilio
476 1763 667 1829 Macedonia
683 1763 826 1827 obvenit.
838 1764 994 1827 Praetores
1011 1764 1122 1828 Retius
1140 1766 1297 1830 urbanam

235 1870 508 1954 jurisdictionem,
520 1864 723 1954 peregrinam
734 1863 871 1927 Maenius
881 1863 1015 1927 sortitus
1026 1881 1083 1928 est.
1096 1866 1210 1930 Classis
1221 1889 1297 1932 curn

237 1996 293 2036 ora
313 1968 474 2033 maritima
492 1965 620 2030 Graeciae
638 1965 812 2028 Hortensio
832 1965 957 2053 obtigit.
981 1966 1124 2054 Reliquae
1141 1970 1297 2054 praetoriae

236 2072 410 2164 provinciae
428 2071 518 2132 lbere
531 2066 647 2154 procul
659 2065 777 2147 dubio,
799 2065 1074 2154 quemadmodum
1087 2090 1174 2132 anno
1189 2069 1297 2156 priore

238 2171 407 2262 Hispania,
421 2168 527 2233 Sicilia
541 2183 574 2231 et
588 2165 743 2230 Sardinia.
761 2167 826 2231 Sed
842 2168 983 2257 singulas
1000 2169 1131 2257 quinam
1145 2188 1296 2258 praetores

237 2271 459 2352 obtinuerint,
486 2268 654 2333 silentibus
671 2269 824 2333 Veterum
849 2271 1089 2352 monumentis,
1113 2289 1200 2335 certe
1224 2273 1297 2337 sciri

239 2400 306 2441 non
324 2389 441 2462 potest.
455 2371 590 2435 Interim
607 2370 642 2433 Ρ.
653 2370 813 2454 Licinius,
830 2373 920 2459 quasi
939 2371 980 2436 ad
998 2372 1119 2436 bellum
1135 2396 1203 2438 non
1222 2398 1297 2440 cum

236 2481 375 2555 Perseo,
399 2471 456 2537 sed
475 2494 551 2535 cunr
576 2471 695 2536 Graecis
723 2471 901 2560 gerendum
923 2473 1038 2536 missus
1063 2489 1160 2556 essct,
1186 2475 1296 2539 inanes

237 2579 389 2644 adversus
399 2574 524 2654 justum
544 2572 671 2636 hostem
691 2572 754 2636 iras
770 2573 805 2635 in
823 2573 957 2637 miseros
977 2590 1009 2637 et
1023 2573 1145 2637 viribus
1160 2575 1297 2663 impares

237 2679 349 2759 vertit,
368 2676 615 2762 compluresque
628 2672 663 2736 in
678 2673 816 2754 Boeotia,
835 2674 893 2738 ubi
911 2675 1118 2757 hibernabat,
1134 2676 1231 2741 urbes
1243 2699 1298 2740 ex·

236 2780 408 2872 pugnavit,
440 2793 471 2840 et
498 2775 672 2839 crudeliter
694 2773 836 2863 diripuit.
860 2777 1000 2839 Coronei
1030 2777 1166 2842 maxime
1192 2779 1297 2842 vexati

238 2906 340 2973 quum
371 2880 412 2944 ad
436 2894 583 2944 senatum
614 2876 849 2965 confugissent,
875 2877 984 2940 Patres
1008 2877 1237 2960 decreverunt,
1259 2895 1298 2942 ut

237 2982 371 3072 captivi,
386 2980 445 3068 qui
456 2978 516 3049 sub
535 2999 656 3041 corona
666 2978 845 3060 venissent,
858 2977 892 3041 in
904 2978 1083 3042 libertatern
1095 2980 1298 3052 restitueren-

237 3105 301 3151 tur.
324 3081 473 3148 Consulis
503 3078 725 3144 crudelitatem
753 3096 785 3144 et
809 3081 1135 3151 avaritiamimitatus
1160 3099 1225 3164 est,
1242 3098 1297 3146 aut

238 3187 334 3250 etiam
358 3181 520 3270 superavit
541 3179 709 3244 Lucretius
725 3181 864 3258 Praetor,
887 3183 943 3269 qui
962 3182 1051 3246 classi
1069 3200 1217 3270 praeerat,
1240 3183 1297 3248 ad-

236 3308 347 3350 versus
370 3284 472 3346 socios
491 3281 598 3358 ferox,
629 3281 716 3345 hosti
741 3281 953 3370 spernendus.
975 3283 1141 3371 Siquidem
1165 3271 1296 3349 classem

237 3387 279 3451 ad
298 3387 422 3450 Oreum
441 3399 578 3448 stantem
596 3383 728 3448 adortus
745 3400 876 3472 repente
893 3385 1046 3466 Perseus,
1068 3409 1162 3450 naves
1181 3409 1296 3450 onera-

238 3489 299 3552 rias
316 3487 517 3552 frumentum
534 3501 697 3573 portantes
713 3486 827 3574 viginti
844 3487 948 3574 cepit,
966 3487 1104 3575 reliquas
1120 3485 1296 3575 depressit,

238 3607 269 3654 et
286 3605 426 3678 quatuor
445 3587 540 3650 etiam
556 3587 845 3676 quinqueremibus
860 3588 982 3676 potitus
1004 3607 1061 3654 est.
1084 3592 1145 3652 Res
1164 3612 1297 3677 quoque

237 3713 388 3778 prospere
415 3704 509 3777 gestae
529 3689 563 3750 in
586 3688 722 3752 Thracia
744 3710 762 3750 a
783 3688 915 3772 Perseo,
940 3712 1043 3777 quum
1067 3713 1106 3753 eo
1127 3688 1168 3753 ad
1190 3689 1295 3777 Cotyn

238 3789 478 3855 defendendum
500 3788 651 3853 adversus
672 3789 810 3854 Atlesbis
830 3806 862 3852 et
881 3793 1011 3880 Corragi
1026 3793 1133 3879 copias
1149 3790 1296 3856 divertis·

272 4042 288 4106 S
301 4043 462 4106 1V.Appian.
473 4045 534 4090 Pun.
549 4069 583 4079 --
595 4041 657 4089 Plin.
669 4043 713 4099 IV,
722 4042 778 4090 Vll.
