2976 4712
464 395 737 476 ninnonun
768 397 909 466 mvn.
1152 402 1224 499 3⁸9
1332 357 1333 362 Ν

159 539 242 587 rum
262 515 408 587 accessit
427 515 568 587 virtutis
588 518 795 615 exemplum
813 543 834 588 a
850 518 971 589 Mucio
986 545 995 588 ε
1011 523 1092 616 qui,
1106 547 1222 619 quum

160 625 206 697 ad
224 623 427 697 feriendum
443 629 635 697 Porsenam
657 641 771 698 castra
790 625 950 704 hostium
966 628 1146 717 intrasset,
1159 657 1221 704 oc·

160 737 235 808 cisa
244 735 379 822 scriba,
390 759 500 832 quem
513 760 636 834 regem
650 761 726 808 esse
739 732 909 834 putabat,
923 738 1221 834 comprehensus,

160 846 364 943 impositam
387 844 556 918 altaribus
578 869 745 935 manum,
772 846 964 943 inquibus
986 847 1222 922 sacrificatum

159 969 256 1056 erat,
276 957 379 1028 exuri
396 978 522 1052 passus
544 971 617 1046 est;
640 956 819 1054 dixitque,
837 956 926 1028 tales
944 971 1126 1036 trecentos
1146 981 1221 1030 esse

158 1067 368 1161 conjuratos
386 1066 424 1135 in
445 1081 601 1139 mortem
621 1067 734 1164 ipsius
752 1067 859 1164 regis.
880 1068 1048 1157 Quorum
1066 1066 1222 1140 admira-

158 1175 258 1247 tione
277 1191 420 1247 coactus
439 1177 593 1249 Porsena
607 1179 704 1274 pacis
717 1177 944 1249 conditiones
957 1175 1067 1264 ferre,
1084 1176 1221 1250 bellum
1297 1263 1301 1284 Ι

158 1287 298 1374 omisit,
316 1287 471 1384 acceptis
490 1285 687 1360 obsidibus.
707 1293 761 1359 Ex
775 1285 909 1385 quibus
927 1287 1028 1384 virgo
1043 1311 1117 1358 una
1131 1289 1222 1359 Cloe-

160 1396 223 1485 lia,
235 1395 396 1496 deceptis
408 1395 714 1496 custodibus,per
721 1397 878 1469 Tiberim
891 1396 938 1469 ad
951 1422 1036 1468 suos
1049 1399 1220 1469 tranavit:

159 1521 209 1594 et,
225 1531 340 1603 quum
353 1504 493 1578 reddita
506 1521 617 1597 esset,
636 1533 657 1579 a
670 1513 827 1580 Porsena
842 1506 1043 1580 honorifice
1055 1510 1221 1596 remissa,

158 1618 318 1714 equestri
335 1631 451 1688 statua
473 1614 606 1689 donata
628 1631 692 1689 est.
721 1623 794 1715 Ap..
814 1616 985 1688 Claudius
1012 1642 1056 1688 ex
1081 1613 1221 1688 Sabinis

158 1730 311 1797 Romam
327 1724 535 1822 transfugit:
555 1726 604 1800 ob
622 1726 693 1798 boc
708 1724 857 1798 Claudia
869 1725 985 1797 tribus
1003 1725 1142 1821 adjecta
1155 1741 1218 1797 est

157 1841 338 1910 Numerus
365 1829 528 1909 tribuum
556 1837 747 1935 ampliatus
774 1850 849 1922 est,
876 1851 916 1906 ut
946 1851 1065 1907 essent
1095 1836 1220 1932 viginti

156 1956 264 2018 una².
284 1945 462 2019 Adversus
480 1947 717 2045 Tarquinium
732 1945 958 2045 Superbum,
977 1970 1060 2018 cum
1078 1947 1222 2016 Latino·

157 2080 240 2127 rum
258 2057 416 2129 exercitu
431 2056 569 2129 bellum
588 2055 821 2144 inferentem,
837 2059 876 2126 Α.
892 2057 1094 2127 Postumius
1111 2053 1220 2126 dinta-
1339 2104 1342 2109 -

157 2181 216 2236 tor
234 2190 407 2264 prospere
424 2169 598 2265 pugnavit
622 2166 719 2264 apud
741 2167 860 2237 lacum
878 2165 1067 2262 Regillum.
1094 2164 1218 2250 Plebs,

157 2300 271 2372 quum
285 2292 435 2374 propter
450 2302 563 2349 nexos
583 2277 633 2348 ob
652 2302 697 2349 aes
717 2276 875 2348 alienum
891 2280 929 2345 in
949 2279 1095 2348 Sacrum
1115 2301 1219 2346 mon-

156 2401 230 2457 tem
246 2389 463 2474 secessisset,
484 2388 633 2458 consilio
650 2387 809 2460 Menenii
825 2387 992 2484 Agrippae
1011 2410 1030 2454 a
1045 2384 1219 2456 seditione

156 2511 319 2567 revocata
330 2510 392 2567 est.
406 2494 507 2568 Idem
515 2497 689 2594 Agrippa,
704 2520 818 2592 quum
833 2495 1058 2581 decessisset,
1069 2510 1231 2592 propter·-

26 2649 30 2660 =
142 2619 402 2702 paupertatem
415 2603 564 2701 publico
579 2604 763 2703 impendio
773 2600 888 2678 elatus
902 2619 965 2678 est.
981 2603 1130 2677 Tribuni
1145 2604 1218 2702 ple·

49 2767 52 2774 ·
156 2712 212 2786 bis
229 2715 390 2810 quinque
408 2716 518 2788 creati
534 2729 629 2786 sunt.
649 2714 834 2813 Oppidum
850 2714 1065 2788 Volscorum
1084 2715 1219 2786 Corioli
1264 2774 1266 2779 .

156 2838 300 2921 captum
326 2838 380 2894 est
403 2825 535 2896 virtute
563 2839 600 2895 et
624 2847 736 2921 opera
759 2829 796 2900 C.
825 2823 969 2910 Marcii,
992 2823 1057 2917 qui
1076 2821 1125 2895 ob
1144 2821 1220 2894 hoc

157 2931 368 3004 Coriolanus
377 2946 524 3005 vocatus
534 2948 598 3005 est.
610 2935 662 3003 Ti.
673 2932 898 3019 Atinius,vir
909 2930 954 3002 de
965 2929 1089 3028 plebe,
1102 2953 1217 3027 quum

156 3043 194 3110 in
212 3041 289 3112 visu
314 3039 519 3115 admonitus
540 3055 653 3128 esset,
672 3056 714 3113 ut
733 3040 778 3112 de
800 3039 1018 3138 quibusdam
1035 3040 1216 3138 religioni·

85 3228 89 3236 ,
156 3151 224 3234 bns
238 3151 282 3224 ad
295 3167 460 3226 senatum
473 3149 665 3252 perferret,
681 3165 719 3225 et
735 3150 966 3248 neglexisset,
980 3151 1110 3224 amisso
1123 3150 1217 3238 filio,
1244 3183 1246 3188 ·

156 3259 282 3335 debilis
300 3260 435 3347 factus,
454 3278 665 3361 postquam,
685 3262 823 3336 delatus
837 3260 884 3334 ad
897 3275 1061 3336 senatum
1075 3261 1216 3348 lectica,
1317 3325 1320 3332 .

156 3370 281 3444 eadem
299 3372 359 3444 illa
381 3373 617 3475 indicaverat,
638 3397 708 3447 usu
725 3371 860 3472 pedum
881 3387 1047 3471 recepte,
1064 3371 1216 3448 domum

155 3504 317 3554 reversus
343 3498 405 3554 est.
434 3487 557 3573 Quum
582 3487 620 3554 C.
650 3484 804 3555 Marcius
829 3479 1064 3569 Coriolanus,
1089 3483 1153 3578 qui
1178 3483 1217 3550 in

155 3590 320 3660 exsilium
338 3605 414 3663 erat
432 3592 577 3692 pulsus,
599 3592 673 3664 dux
692 3592 906 3664 Volscorum
928 3590 1060 3678 iacms,
1081 3593 1216 3662 exerci-

192 3787 217 3822 π.
230 3775 276 3837 Ap.
295 3771 410 3822 Claudius
428 3790 461 3822 ea·
475 3775 609 3825 Sabinis...
627 3775 665 3823 vi·
707 3776 812 3840 saepeah
826 3788 926 3825 auctore
944 3775 1029 3823 harum
1049 3775 1217 3840 Epitomarum

153 3849 219 3918 giuti
231 3867 295 3908 una,
315 3850 368 3900 brec
383 3852 412 3898 in
431 3853 544 3902 omnibns
561 3853 624 3902 MSS
639 3865 664 3902 et
706 3853 982 3915 fuisseturbatum‚sed
989 3853 1085 3911 ubivis,
1098 3853 1119 3900 si
1132 3853 1216 3901 ultima

156 3929 243 3996 priscis
262 3928 318 3979 cdd.
337 3930 452 3996 leguntur
474 3933 531 3997 post
557 3943 664 3982 extrema
708 3934 781 3982 verba
792 3933 855 3999 Epit.
873 3933 935 3981 0111
945 3932 1108 3996 excipiantur,
1120 3932 1217 3981 restitu-
1236 3938 1239 3945 '

156 4009 229 4058 verba
242 4009 338 4074 periodi
352 4027 402 4075 seq.
415 4011 489 4059 verba
502 4011 572 4076 apud
583 4012 663 4060 herm
707 4023 759 4062 tum
772 4013 804 4061 ab
817 4012 965 4072 editoribus,
978 4011 1054 4060 Drals.
1072 4010 1104 4058 ad
1120 4010 1144 4058 h.
1162 4012 1178 4060 l.
1193 4022 1217 4060 at

157 4088 282 4154 Regillum.
301 4088 379 4138 Aldus
392 4105 420 4138 ea
433 4091 663 4155 transposuit‚quln
706 4094 794 4158 passim
816 4093 920 4141 monuit.
947 4091 1000 4139 Nos
1019 4091 1047 4139 id
1070 4091 1140 4139 semel
1163 4107 1217 4139 mo·

157 4167 196 4214 hie
207 4177 244 4217 est
258 4168 320 4218 ordo
331 4185 410 4220 rernm
422 4170 447 4219 in
458 4168 537 4218 Livio.
547 4170 663 4222 Eumdem
693 4185 695 4190 ·
707 4171 788 4220 unisse
799 4169 911 4220 sufficiat.
