<?xml version="1.0" encoding="UTF-8"?>
<!DOCTYPE html PUBLIC "-//W3C//DTD XHTML 1.0 Transitional//EN"
    "http://www.w3.org/TR/xhtml1/DTD/xhtml1-transitional.dtd">
<html xmlns="http://www.w3.org/1999/xhtml" xml:lang="en" lang="en">
 <head>
  <title>
</title>
<meta http-equiv="Content-Type" content="text/html;charset=utf-8" />
  <meta name='ocr-system' content='tesseract 3.04.00' />
  <meta name='ocr-capabilities' content='ocr_page ocr_carea ocr_par ocr_line ocrx_word'/>
</head>
<body>
  <div class='ocr_page' id='page_1' title='image "./titusliviuspata02freigoog_0246.png"; bbox 0 0 2984 4706; ppageno 0'>
   <div class='ocr_carea' id='block_1_1' title="bbox 208 329 1247 448">
    <p class='ocr_par' dir='ltr' id='par_1_1' title="bbox 208 329 1247 448">
     <span class='ocr_line' id='line_1_1' title="bbox 208 329 1247 448; baseline 0.006 -32"><span class='ocrx_word' id='word_1_1' title='bbox 208 329 334 437; x_wconf 53' lang='lat' dir='ltr'><strong>3353le</strong></span> <span class='ocrx_word' id='word_1_2' title='bbox 406 351 556 418; x_wconf 78' lang='lat' dir='ltr'><strong>tinen</strong></span> <span class='ocrx_word' id='word_1_3' title='bbox 586 352 720 418; x_wconf 80' lang='lat' dir='ltr'><strong>xmv.</strong></span> <span class='ocrx_word' id='word_1_4' title='bbox 747 351 851 416; x_wconf 77' lang='lat' dir='ltr'><strong>etr.</strong></span> <span class='ocrx_word' id='word_1_5' title='bbox 879 351 1032 418; x_wconf 81' lang='lat' dir='ltr'>xxxv.</span> <span class='ocrx_word' id='word_1_6' title='bbox 1179 351 1247 448; x_wconf 77' lang='lat'><strong>237</strong></span> 
     </span>
    </p>
   </div>
   <div class='ocr_carea' id='block_1_2' title="bbox 155 469 1330 2998">
    <p class='ocr_par' dir='ltr' id='par_1_2' title="bbox 155 469 1330 2996">
     <span class='ocr_line' id='line_1_2' title="bbox 182 469 1249 569; baseline 0.007 -29"><span class='ocrx_word' id='word_1_7' title='bbox 182 469 251 543; x_wconf 89' lang='lat' dir='ltr'><strong>veo</strong></span> <span class='ocrx_word' id='word_1_8' title='bbox 268 495 352 542; x_wconf 88' lang='lat' dir='ltr'><strong>oum</strong></span> <span class='ocrx_word' id='word_1_9' title='bbox 367 470 583 542; x_wconf 83' lang='lat' dir='ltr'><strong>&#39;stationibus</strong></span> <span class='ocrx_word' id='word_1_10' title='bbox 600 471 760 545; x_wconf 88' lang='lat' dir='ltr'><strong>hostium</strong></span> <span class='ocrx_word' id='word_1_11' title='bbox 779 470 941 569; x_wconf 77' lang='lat' dir='ltr'><strong>prelium</strong></span> <span class='ocrx_word' id='word_1_12' title='bbox 965 474 1154 545; x_wconf 83' lang='lat' dir='ltr'><strong>commisit.</strong></span> <span class='ocrx_word' id='word_1_13' title='bbox 1170 479 1249 562; x_wconf 51' lang='lat' dir='ltr'><strong>¹Pu-</strong></span> 
     </span>
     <span class='ocr_line' id='line_1_3' title="bbox 180 582 1248 682; baseline 0.006 -30"><span class='ocrx_word' id='word_1_14' title='bbox 180 597 405 678; x_wconf 81' lang='lat' dir='ltr'><strong>gnatumque</strong></span> <span class='ocrx_word' id='word_1_15' title='bbox 432 583 614 677; x_wconf 79' lang='lat' dir='ltr'><strong>utrimque</strong></span> <span class='ocrx_word' id='word_1_16' title='bbox 638 597 692 652; x_wconf 89' lang='lat' dir='ltr'><strong>est</strong></span> <span class='ocrx_word' id='word_1_17' title='bbox 711 582 783 652; x_wconf 90' lang='lat' dir='ltr'><strong>levi</strong></span> <span class='ocrx_word' id='word_1_18' title='bbox 805 597 983 668; x_wconf 79' lang='lat' dir='ltr'><strong>armatura</strong></span> <span class='ocrx_word' id='word_1_19' title='bbox 1001 611 1008 654; x_wconf 94' lang='lat'><strong>:</strong></span> <span class='ocrx_word' id='word_1_20' title='bbox 1027 608 1095 657; x_wconf 91' lang='lat' dir='ltr'><strong>neo</strong></span> <span class='ocrx_word' id='word_1_21' title='bbox 1112 589 1248 682; x_wconf 84' lang='lat' dir='ltr'><strong>gravio·</strong></span> 
     </span>
     <span class='ocr_line' id='line_1_4' title="bbox 181 690 1248 794; baseline 0.007 -32"><span class='ocrx_word' id='word_1_22' title='bbox 181 690 283 762; x_wconf 83' lang='lat' dir='ltr'><strong>ribus</strong></span> <span class='ocrx_word' id='word_1_23' title='bbox 311 691 417 760; x_wconf 86' lang='lat' dir='ltr'><strong>armis</strong></span> <span class='ocrx_word' id='word_1_24' title='bbox 443 692 480 760; x_wconf 90' lang='lat' dir='ltr'><strong>in</strong></span> <span class='ocrx_word' id='word_1_25' title='bbox 508 706 581 762; x_wconf 84' lang='lat' dir='ltr'><strong>tam</strong></span> <span class='ocrx_word' id='word_1_26' title='bbox 604 692 771 789; x_wconf 84' lang='lat' dir='ltr'><strong>inaequali</strong></span> <span class='ocrx_word' id='word_1_27' title='bbox 797 693 897 764; x_wconf 82' lang='lat' dir='ltr'><strong>alveo</strong></span> <span class='ocrx_word' id='word_1_28' title='bbox 921 697 1073 791; x_wconf 83' lang='lat' dir='ltr'>pugnari</span> <span class='ocrx_word' id='word_1_29' title='bbox 1096 713 1248 794; x_wconf 84' lang='lat' dir='ltr'><strong>poterut.</strong></span> 
     </span>
     <span class='ocr_line' id='line_1_5' title="bbox 181 802 1251 899; baseline 0.004 -26"><span class='ocrx_word' id='word_1_30' title='bbox 181 809 384 873; x_wconf 86' lang='lat' dir='ltr'><strong>Descensus</strong></span> <span class='ocrx_word' id='word_1_31' title='bbox 417 802 503 899; x_wconf 83' lang='lat' dir='ltr'><strong>ripae</strong></span> <span class='ocrx_word' id='word_1_32' title='bbox 535 803 724 898; x_wconf 89' lang='lat' dir='ltr'><strong>utriusque</strong></span> <span class='ocrx_word' id='word_1_33' title='bbox 759 803 795 872; x_wconf 88' lang='lat' dir='ltr'><strong>in</strong></span> <span class='ocrx_word' id='word_1_34' title='bbox 829 803 970 872; x_wconf 86' lang='lat' dir='ltr'><strong>alveum</strong></span> <span class='ocrx_word' id='word_1_35' title='bbox 1006 819 1251 877; x_wconf 89' lang='lat' dir='ltr'><strong>trecentorum</strong></span> 
     </span>
     <span class='ocr_line' id='line_1_6' title="bbox 182 911 1250 1009; baseline 0.005 -26"><span class='ocrx_word' id='word_1_36' title='bbox 182 911 297 983; x_wconf 85' lang='lat' dir='ltr'><strong>ferme</strong></span> <span class='ocrx_word' id='word_1_37' title='bbox 312 935 483 1009; x_wconf 78' lang='lat' dir='ltr'><strong>passuum</strong></span> <span class='ocrx_word' id='word_1_38' title='bbox 502 927 577 983; x_wconf 83' lang='lat' dir='ltr'><strong>erat</strong></span> <span class='ocrx_word' id='word_1_39' title='bbox 593 937 600 980; x_wconf 77' lang='grc' dir='ltr'><strong><em>ε</em></strong></span> <span class='ocrx_word' id='word_1_40' title='bbox 617 911 776 982; x_wconf 89' lang='lat' dir='ltr'><strong>medium</strong></span> <span class='ocrx_word' id='word_1_41' title='bbox 792 914 946 1009; x_wconf 85' lang='lat' dir='ltr'><strong>spatium</strong></span> <span class='ocrx_word' id='word_1_42' title='bbox 965 916 1151 1000; x_wconf 87' lang='lat' dir='ltr'><strong>torrentis,</strong></span> <span class='ocrx_word' id='word_1_43' title='bbox 1166 917 1250 988; x_wconf 87' lang='lat' dir='ltr'><strong>alibi</strong></span> 
     </span>
     <span class='ocr_line' id='line_1_7' title="bbox 178 1023 1248 1123; baseline 0.004 -30"><span class='ocrx_word' id='word_1_44' title='bbox 178 1025 284 1094; x_wconf 79' lang='lat' dir='ltr'><strong>¹aliter</strong></span> <span class='ocrx_word' id='word_1_45' title='bbox 303 1024 433 1108; x_wconf 86' lang='lat' dir='ltr'><strong>cavati,</strong></span> <span class='ocrx_word' id='word_1_46' title='bbox 458 1023 567 1120; x_wconf 81' lang='lat' dir='ltr'><strong>paulo</strong></span> <span class='ocrx_word' id='word_1_47' title='bbox 592 1023 674 1121; x_wconf 92' lang='lat' dir='ltr'><strong>plus</strong></span> <span class='ocrx_word' id='word_1_48' title='bbox 699 1048 808 1119; x_wconf 78' lang='lat' dir='ltr'><strong>quam</strong></span> <span class='ocrx_word' id='word_1_49' title='bbox 829 1024 928 1094; x_wconf 91' lang='lat' dir='ltr'><strong>mille</strong></span> <span class='ocrx_word' id='word_1_50' title='bbox 950 1047 1075 1121; x_wconf 82' lang='lat' dir='ltr'><strong>passus</strong></span> <span class='ocrx_word' id='word_1_51' title='bbox 1093 1027 1248 1123; x_wconf 84' lang='lat' dir='ltr'><strong>patebat.</strong></span> 
     </span>
     <span class='ocr_line' id='line_1_8' title="bbox 180 1131 1251 1232; baseline 0.003 -28"><span class='ocrx_word' id='word_1_52' title='bbox 180 1133 237 1204; x_wconf 92' lang='lat' dir='ltr'><strong>Ibi</strong></span> <span class='ocrx_word' id='word_1_53' title='bbox 254 1135 292 1204; x_wconf 92' lang='lat' dir='ltr'><strong>in</strong></span> <span class='ocrx_word' id='word_1_54' title='bbox 310 1131 450 1221; x_wconf 89' lang='lat' dir='ltr'><strong>medi0‚</strong></span> <span class='ocrx_word' id='word_1_55' title='bbox 474 1133 719 1232; x_wconf 71' lang='lat' dir='ltr'><strong>spectantibus</strong></span> <span class='ocrx_word' id='word_1_56' title='bbox 741 1135 925 1230; x_wconf 75' lang='lat' dir='ltr'><strong>utrimque</strong></span> <span class='ocrx_word' id='word_1_57' title='bbox 949 1160 991 1205; x_wconf 86' lang='lat' dir='ltr'><strong>ex</strong></span> <span class='ocrx_word' id='word_1_58' title='bbox 1011 1134 1103 1206; x_wconf 84' lang='lat' dir='ltr'><strong>vallo</strong></span> <span class='ocrx_word' id='word_1_59' title='bbox 1122 1153 1251 1207; x_wconf 84' lang='lat' dir='ltr'><strong>castro-</strong></span> 
     </span>
     <span class='ocr_line' id='line_1_9' title="bbox 179 1240 1250 1344; baseline 0.002 -30"><span class='ocrx_word' id='word_1_60' title='bbox 179 1269 263 1314; x_wconf 90' lang='lat' dir='ltr'><strong>rum</strong></span> <span class='ocrx_word' id='word_1_61' title='bbox 276 1243 361 1314; x_wconf 91' lang='lat' dir='ltr'><strong>hinc</strong></span> <span class='ocrx_word' id='word_1_62' title='bbox 375 1269 478 1341; x_wconf 83' lang='lat' dir='ltr'><strong>rege,</strong></span> <span class='ocrx_word' id='word_1_63' title='bbox 493 1241 577 1313; x_wconf 90' lang='lat' dir='ltr'><strong>hinc</strong></span> <span class='ocrx_word' id='word_1_64' title='bbox 592 1243 739 1314; x_wconf 87' lang='lat' dir='ltr'><strong>consule</strong></span> <span class='ocrx_word' id='word_1_65' title='bbox 756 1269 838 1315; x_wconf 86' lang='lat' dir='ltr'><strong>curn</strong></span> <span class='ocrx_word' id='word_1_66' title='bbox 853 1245 926 1316; x_wconf 89' lang='lat' dir='ltr'><strong>suis</strong></span> <span class='ocrx_word' id='word_1_67' title='bbox 941 1240 1164 1340; x_wconf 71' lang='lat' dir='ltr'><strong>le&#39;gionibuS,</strong></span> <span class='ocrx_word' id='word_1_68' title='bbox 1185 1271 1250 1344; x_wconf 89' lang='lat' dir='ltr'><strong>pu-</strong></span> 
     </span>
     <span class='ocr_line' id='line_1_10' title="bbox 179 1351 1250 1455; baseline 0.001 -32"><span class='ocrx_word' id='word_1_69' title='bbox 179 1370 328 1452; x_wconf 85' lang='lat' dir='ltr'><strong>gnatum</strong></span> <span class='ocrx_word' id='word_1_70' title='bbox 344 1369 407 1425; x_wconf 90' lang='lat' dir='ltr'><strong>est.</strong></span> <span class='ocrx_word' id='word_1_71' title='bbox 427 1352 622 1424; x_wconf 88' lang='lat' dir='ltr'><strong>Missilibus</strong></span> <span class='ocrx_word' id='word_1_72' title='bbox 642 1351 770 1450; x_wconf 85' lang='lat' dir='ltr'><strong>procul</strong></span> <span class='ocrx_word' id='word_1_73' title='bbox 784 1353 881 1450; x_wconf 85' lang='lat' dir='ltr'><strong>regia</strong></span> <span class='ocrx_word' id='word_1_74' title='bbox 897 1353 1026 1423; x_wconf 83' lang='lat' dir='ltr'><strong>auxilia</strong></span> <span class='ocrx_word' id='word_1_75' title='bbox 1042 1353 1170 1426; x_wconf 88' lang='lat' dir='ltr'><strong>melius</strong></span> <span class='ocrx_word' id='word_1_76' title='bbox 1186 1381 1250 1455; x_wconf 90' lang='lat' dir='ltr'><strong>pu-</strong></span> 
     </span>
     <span class='ocr_line' id='line_1_11' title="bbox 178 1462 1249 1562; baseline 0 -27"><span class='ocrx_word' id='word_1_77' title='bbox 178 1465 355 1562; x_wconf 84' lang='lat' dir='ltr'><strong>gnabant3</strong></span> <span class='ocrx_word' id='word_1_78' title='bbox 375 1467 540 1536; x_wconf 89' lang='lat' dir='ltr'><strong>cominus</strong></span> <span class='ocrx_word' id='word_1_79' title='bbox 558 1462 720 1537; x_wconf 87' lang='lat' dir='ltr'><strong>stabilior</strong></span> <span class='ocrx_word' id='word_1_80' title='bbox 739 1479 774 1536; x_wconf 91' lang='lat' dir='ltr'><strong>et</strong></span> <span class='ocrx_word' id='word_1_81' title='bbox 795 1465 919 1553; x_wconf 90' lang='lat' dir='ltr'><strong>tutior,</strong></span> <span class='ocrx_word' id='word_1_82' title='bbox 941 1479 1003 1536; x_wconf 87' lang='lat' dir='ltr'><strong>aut</strong></span> <span class='ocrx_word' id='word_1_83' title='bbox 1021 1489 1168 1562; x_wconf 88' lang='lat' dir='ltr'><strong>parma,</strong></span> <span class='ocrx_word' id='word_1_84' title='bbox 1187 1481 1249 1536; x_wconf 89' lang='lat' dir='ltr'><strong>aut</strong></span> 
     </span>
     <span class='ocr_line' id='line_1_12' title="bbox 155 1565 1250 1676; baseline 0 -30"><span class='ocrx_word' id='word_1_85' title='bbox 155 1589 161 1600; x_wconf 82' lang='lat'><strong><em>‘</em></strong></span> <span class='ocrx_word' id='word_1_86' title='bbox 179 1589 283 1647; x_wconf 86' lang='lat' dir='ltr'><strong>scuto</strong></span> <span class='ocrx_word' id='word_1_87' title='bbox 300 1565 508 1672; x_wconf 78' lang='lat' dir='ltr'><strong>ligu&#39;stin08,</strong></span> <span class='ocrx_word' id='word_1_88' title='bbox 527 1577 811 1676; x_wconf 26' lang='lat' dir='ltr'><strong>Romanus&#39;erat.</strong></span> <span class='ocrx_word' id='word_1_89' title='bbox 827 1575 977 1666; x_wconf 86' lang='lat' dir='ltr'><strong>Meridie</strong></span> <span class='ocrx_word' id='word_1_90' title='bbox 992 1573 1068 1646; x_wconf 85' lang='lat' dir='ltr'><strong>fere</strong></span> <span class='ocrx_word' id='word_1_91' title='bbox 1087 1565 1250 1675; x_wconf 86' lang='lat' dir='ltr'><strong>receptui</strong></span> 
     </span>
     <span class='ocr_line' id='line_1_13' title="bbox 180 1684 1249 1784; baseline 0.005 -28"><span class='ocrx_word' id='word_1_92' title='bbox 180 1687 260 1757; x_wconf 88' lang='lat' dir='ltr'><strong>cani</strong></span> <span class='ocrx_word' id='word_1_93' title='bbox 279 1688 351 1762; x_wconf 86' lang='lat' dir='ltr'><strong>suis</strong></span> <span class='ocrx_word' id='word_1_94' title='bbox 368 1685 497 1756; x_wconf 87' lang='lat' dir='ltr'><strong>consul</strong></span> <span class='ocrx_word' id='word_1_95' title='bbox 512 1684 628 1779; x_wconf 80' lang='lat' dir='ltr'><strong>jussit.</strong></span> <span class='ocrx_word' id='word_1_96' title='bbox 650 1689 703 1756; x_wconf 84' lang='lat' dir='ltr'><strong>lta</strong></span> <span class='ocrx_word' id='word_1_97' title='bbox 723 1709 766 1756; x_wconf 92' lang='lat' dir='ltr'><strong>eo</strong></span> <span class='ocrx_word' id='word_1_98' title='bbox 781 1686 845 1757; x_wconf 90' lang='lat' dir='ltr'><strong>die.</strong></span> <span class='ocrx_word' id='word_1_99' title='bbox 853 1687 1072 1782; x_wconf 89' lang='lat' dir='ltr'><strong>diremptum</strong></span> <span class='ocrx_word' id='word_1_100' title='bbox 1087 1688 1249 1784; x_wconf 84' lang='lat' dir='ltr'><strong>praelium</strong></span> 
     </span>
     <span class='ocr_line' id='line_1_14' title="bbox 179 1793 1249 1894; baseline 0.004 -28"><span class='ocrx_word' id='word_1_101' title='bbox 179 1794 363 1882; x_wconf 84' lang='lat' dir='ltr'><strong>est,huud</strong></span> <span class='ocrx_word' id='word_1_102' title='bbox 372 1796 495 1892; x_wconf 83' lang='lat' dir='ltr'><strong>paucis</strong></span> <span class='ocrx_word' id='word_1_103' title='bbox 505 1797 688 1890; x_wconf 88' lang='lat' dir='ltr'><strong>utrimque</strong></span> <span class='ocrx_word' id='word_1_104' title='bbox 696 1793 999 1878; x_wconf 71' lang='lat' dir='ltr'><strong>interfectissole</strong></span> <span class='ocrx_word' id='word_1_105' title='bbox 1009 1811 1092 1876; x_wconf 86' lang='lat' dir='ltr'><strong>orto</strong></span> <span class='ocrx_word' id='word_1_106' title='bbox 1102 1813 1249 1894; x_wconf 89' lang='lat' dir='ltr'><strong>postero</strong></span> 
     </span>
     <span class='ocr_line' id='line_1_15' title="bbox 179 1904 1250 2002; baseline 0.001 -25"><span class='ocrx_word' id='word_1_107' title='bbox 179 1904 259 1992; x_wconf 89' lang='lat' dir='ltr'><strong>die,</strong></span> <span class='ocrx_word' id='word_1_108' title='bbox 283 1906 427 1977; x_wconf 80' lang='lat' dir='ltr'><strong>irritatis</strong></span> <span class='ocrx_word' id='word_1_109' title='bbox 450 1906 644 1982; x_wconf 83' lang='lat' dir='ltr'><strong>certamine</strong></span> <span class='ocrx_word' id='word_1_110' title='bbox 665 1905 813 1990; x_wconf 85' lang='lat' dir='ltr'><strong>animis,</strong></span> <span class='ocrx_word' id='word_1_111' title='bbox 835 1907 943 1976; x_wconf 83' lang='lat' dir='ltr'><strong>etiarn</strong></span> <span class='ocrx_word' id='word_1_112' title='bbox 962 1906 1080 2002; x_wconf 73' lang='lat' dir='ltr'><strong>uerius</strong></span> <span class='ocrx_word' id='word_1_113' title='bbox 1097 1931 1250 1987; x_wconf 67' lang='lat' dir='ltr'><strong>,concur</strong></span> 
     </span>
     <span class='ocr_line' id='line_1_16' title="bbox 179 2015 1250 2114; baseline 0.001 -27"><span class='ocrx_word' id='word_1_114' title='bbox 179 2041 261 2088; x_wconf 84' lang='lat' dir='ltr'><strong>sum</strong></span> <span class='ocrx_word' id='word_1_115' title='bbox 273 2031 345 2087; x_wconf 87' lang='lat' dir='ltr'><strong>est:</strong></span> <span class='ocrx_word' id='word_1_116' title='bbox 364 2017 426 2086; x_wconf 88' lang='lat' dir='ltr'><strong>sed</strong></span> <span class='ocrx_word' id='word_1_117' title='bbox 438 2017 608 2101; x_wconf 77' lang='lat' dir='ltr'><strong>Roruuni,</strong></span> <span class='ocrx_word' id='word_1_118' title='bbox 624 2025 699 2086; x_wconf 90' lang='lat' dir='ltr'><strong>uo&#39;n</strong></span> <span class='ocrx_word' id='word_1_119' title='bbox 715 2015 761 2086; x_wconf 81' lang='lat' dir='ltr'><strong>ab</strong></span> <span class='ocrx_word' id='word_1_120' title='bbox 774 2015 830 2086; x_wconf 87' lang='lat' dir='ltr'><strong>his</strong></span> <span class='ocrx_word' id='word_1_121' title='bbox 844 2031 1003 2102; x_wconf 81' lang='lat' dir='ltr'><strong>tanturn,</strong></span> <span class='ocrx_word' id='word_1_122' title='bbox 1018 2017 1250 2114; x_wconf 82' lang='lat' dir='ltr'><strong>emnquibus</strong></span> 
     </span>
     <span class='ocr_line' id='line_1_17' title="bbox 180 2124 1249 2223; baseline 0 -25"><span class='ocrx_word' id='word_1_123' title='bbox 180 2143 406 2198; x_wconf 84' lang='lat' dir='ltr'><strong>oontraeturn</strong></span> <span class='ocrx_word' id='word_1_124' title='bbox 429 2142 614 2197; x_wconf 78' lang='lat' dir='ltr'><strong>certamen</strong></span> <span class='ocrx_word' id='word_1_125' title='bbox 642 2139 736 2212; x_wconf 87' lang='lat' dir='ltr'><strong>erat,</strong></span> <span class='ocrx_word' id='word_1_126' title='bbox 765 2124 834 2196; x_wconf 86' lang='lat' dir='ltr'><strong>sed</strong></span> <span class='ocrx_word' id='word_1_127' title='bbox 852 2125 970 2196; x_wconf 85' lang='lat' dir='ltr'><strong>rnulto</strong></span> <span class='ocrx_word' id='word_1_128' title='bbox 997 2129 1109 2223; x_wconf 83' lang='lat' dir='ltr'><strong>magis</strong></span> <span class='ocrx_word' id='word_1_129' title='bbox 1134 2127 1181 2199; x_wconf 78' lang='lat' dir='ltr'><strong>eb</strong></span> <span class='ocrx_word' id='word_1_130' title='bbox 1208 2151 1249 2198; x_wconf 84' lang='lat' dir='ltr'><strong>ea</strong></span> 
     </span>
     <span class='ocr_line' id='line_1_18' title="bbox 180 2236 1248 2336; baseline 0 -30"><span class='ocrx_word' id='word_1_131' title='bbox 180 2237 434 2324; x_wconf 89' lang='lat' dir='ltr'><strong>multitudine,</strong></span> <span class='ocrx_word' id='word_1_132' title='bbox 455 2263 535 2335; x_wconf 71' lang='lat' dir='ltr'><strong>quse</strong></span> <span class='ocrx_word' id='word_1_133' title='bbox 557 2238 729 2336; x_wconf 82' lang='lat' dir='ltr'><strong>disposita</strong></span> <span class='ocrx_word' id='word_1_134' title='bbox 753 2238 790 2306; x_wconf 93' lang='lat' dir='ltr'><strong>in</strong></span> <span class='ocrx_word' id='word_1_135' title='bbox 813 2236 972 2308; x_wconf 86' lang='lat' dir='ltr'><strong>turribus</strong></span> <span class='ocrx_word' id='word_1_136' title='bbox 991 2237 1127 2324; x_wconf 74' lang='lat' dir='ltr'><strong>stabnt,</strong></span> <span class='ocrx_word' id='word_1_137' title='bbox 1149 2241 1248 2307; x_wconf 89' lang='lat' dir='ltr'><strong>omni</strong></span> 
     </span>
     <span class='ocr_line' id='line_1_19' title="bbox 179 2347 1247 2445; baseline 0 -26"><span class='ocrx_word' id='word_1_138' title='bbox 179 2373 310 2445; x_wconf 85' lang='lat' dir='ltr'><strong>genere</strong></span> <span class='ocrx_word' id='word_1_139' title='bbox 334 2347 520 2419; x_wconf 85' lang='lat' dir='ltr'><strong>missilium</strong></span> <span class='ocrx_word' id='word_1_140' title='bbox 545 2347 703 2419; x_wconf 89' lang='lat' dir='ltr'><strong>telorum</strong></span> <span class='ocrx_word' id='word_1_141' title='bbox 726 2373 766 2418; x_wconf 85' lang='lat' dir='ltr'><strong>ac</strong></span> <span class='ocrx_word' id='word_1_142' title='bbox 787 2351 877 2418; x_wconf 86' lang='lat' dir='ltr'><strong>saxis</strong></span> <span class='ocrx_word' id='word_1_143' title='bbox 903 2350 1056 2418; x_wconf 83' lang='lat' dir='ltr'><strong>maxime</strong></span> <span class='ocrx_word' id='word_1_144' title='bbox 1080 2350 1247 2420; x_wconf 79' lang='lat' dir='ltr'><strong>vulnera·</strong></span> 
     </span>
     <span class='ocr_line' id='line_1_20' title="bbox 178 2450 1330 2568; baseline 0.002 -38"><span class='ocrx_word' id='word_1_145' title='bbox 178 2459 323 2530; x_wconf 85' lang='lat' dir='ltr'><strong>bantur.</strong></span> <span class='ocrx_word' id='word_1_146' title='bbox 354 2455 426 2530; x_wconf 88' lang='lat' dir='ltr'><strong>Ubi</strong></span> <span class='ocrx_word' id='word_1_147' title='bbox 450 2460 600 2557; x_wconf 91' lang='lat' dir='ltr'><strong>propius</strong></span> <span class='ocrx_word' id='word_1_148' title='bbox 624 2461 740 2568; x_wconf 82' lang='lat' dir='ltr'><strong>ripam</strong></span> <span class='ocrx_word' id='word_1_149' title='bbox 767 2457 926 2528; x_wconf 87' lang='lat' dir='ltr'><strong>hostium</strong></span> <span class='ocrx_word' id='word_1_150' title='bbox 952 2450 1153 2551; x_wconf 87' lang='lat' dir='ltr'><strong>subissent,</strong></span> <span class='ocrx_word' id='word_1_151' title='bbox 1175 2473 1246 2528; x_wconf 90' lang='lat' dir='ltr'><strong>tor·</strong></span> <span class='ocrx_word' id='word_1_152' title='bbox 1328 2523 1330 2532; x_wconf 80' lang='grc'>,</span> 
     </span>
     <span class='ocr_line' id='line_1_21' title="bbox 178 2555 1246 2666; baseline -0.002 -26"><span class='ocrx_word' id='word_1_153' title='bbox 178 2555 309 2640; x_wconf 82' lang='lat' dir='ltr'><strong>inentis</strong></span> <span class='ocrx_word' id='word_1_154' title='bbox 331 2561 442 2640; x_wconf 81' lang='lat' dir='ltr'><strong>missa</strong></span> <span class='ocrx_word' id='word_1_155' title='bbox 461 2571 566 2642; x_wconf 89' lang='lat' dir='ltr'><strong>etiam</strong></span> <span class='ocrx_word' id='word_1_156' title='bbox 594 2567 638 2638; x_wconf 85' lang='lat' dir='ltr'><strong>ud</strong></span> <span class='ocrx_word' id='word_1_157' title='bbox 665 2555 810 2642; x_wconf 86' lang='lat' dir='ltr'><strong>ultimos</strong></span> <span class='ocrx_word' id='word_1_158' title='bbox 835 2567 1104 2666; x_wconf 84' lang='lat' dir='ltr'><strong>perveniebant.</strong></span> <span class='ocrx_word' id='word_1_159' title='bbox 1132 2569 1246 2638; x_wconf 91' lang='lat' dir='ltr'><strong>Multo</strong></span> 
     </span>
     <span class='ocr_line' id='line_1_22' title="bbox 179 2655 1247 2790; baseline -0.001 -41"><span class='ocrx_word' id='word_1_160' title='bbox 179 2655 377 2790; x_wconf 90' lang='lat' dir='ltr'><strong>pluribus</strong></span> <span class='ocrx_word' id='word_1_161' title='bbox 368 2706 412 2750; x_wconf 91' lang='lat' dir='ltr'><strong>eo</strong></span> <span class='ocrx_word' id='word_1_162' title='bbox 433 2680 491 2750; x_wconf 89' lang='lat' dir='ltr'><strong>die</strong></span> <span class='ocrx_word' id='word_1_163' title='bbox 514 2681 668 2765; x_wconf 74' lang='lat' dir='ltr'><strong>amissiS,</strong></span> <span class='ocrx_word' id='word_1_164' title='bbox 694 2678 820 2748; x_wconf 89' lang='lat' dir='ltr'><strong>consul</strong></span> <span class='ocrx_word' id='word_1_165' title='bbox 839 2677 950 2786; x_wconf 84' lang='lat' dir='ltr'><strong>paulo</strong></span> <span class='ocrx_word' id='word_1_166' title='bbox 976 2679 1089 2748; x_wconf 90' lang='lat' dir='ltr'><strong>serius</strong></span> <span class='ocrx_word' id='word_1_167' title='bbox 1112 2679 1247 2776; x_wconf 87' lang='lat' dir='ltr'><strong>recepit</strong></span> 
     </span>
     <span class='ocr_line' id='line_1_23' title="bbox 178 2783 1245 2908; baseline -0.005 -48"><span class='ocrx_word' id='word_1_168' title='bbox 178 2815 273 2860; x_wconf 88' lang='lat' dir='ltr'><strong>suos.</strong></span> <span class='ocrx_word' id='word_1_169' title='bbox 291 2791 412 2890; x_wconf 87' lang='lat' dir='ltr'><strong>Tertio</strong></span> <span class='ocrx_word' id='word_1_170' title='bbox 435 2788 491 2861; x_wconf 88' lang='lat' dir='ltr'><strong>die</strong></span> <span class='ocrx_word' id='word_1_171' title='bbox 511 2790 635 2886; x_wconf 84' lang='lat' dir='ltr'><strong>praelio</strong></span> <span class='ocrx_word' id='word_1_172' title='bbox 656 2783 846 2874; x_wconf 85' lang='lat' dir='ltr'><strong>abstinuit,</strong></span> <span class='ocrx_word' id='word_1_173' title='bbox 867 2785 1053 2908; x_wconf 77' lang='lat' dir='ltr'><strong>degressus</strong></span> <span class='ocrx_word' id='word_1_174' title='bbox 1076 2785 1245 2856; x_wconf 81' lang='lat' dir='ltr'><strong>adimam</strong></span> 
     </span>
     <span class='ocr_line' id='line_1_24' title="bbox 178 2861 1245 2998; baseline -0.002 -28"><span class='ocrx_word' id='word_1_175' title='bbox 178 2914 317 2996; x_wconf 87' lang='lat' dir='ltr'><strong>partem</strong></span> <span class='ocrx_word' id='word_1_176' title='bbox 333 2861 569 2988; x_wconf 69' lang='lat' dir='ltr'><strong>eistrorumo,</strong></span> <span class='ocrx_word' id='word_1_177' title='bbox 585 2899 696 2969; x_wconf 91' lang='lat' dir='ltr'><strong>veluti</strong></span> <span class='ocrx_word' id='word_1_178' title='bbox 716 2922 781 2994; x_wconf 90' lang='lat' dir='ltr'><strong>per</strong></span> <span class='ocrx_word' id='word_1_179' title='bbox 802 2897 1006 2998; x_wconf 80' lang='lat' dir='ltr'><strong>devexum</strong></span> <span class='ocrx_word' id='word_1_180' title='bbox 998 2922 1035 2966; x_wconf 90' lang='lat' dir='ltr'><strong>m</strong></span> <span class='ocrx_word' id='word_1_181' title='bbox 1052 2921 1149 2978; x_wconf 82' lang='lat' dir='ltr'><strong>mare</strong></span> <span class='ocrx_word' id='word_1_182' title='bbox 1164 2897 1245 2968; x_wconf 82' lang='lat' dir='ltr'><strong>bra·</strong></span> 
     </span>
    </p>
   </div>
   <div class='ocr_carea' id='block_1_3' title="bbox 128 3062 1245 3223">
    <p class='ocr_par' dir='ltr' id='par_1_3' title="bbox 128 3062 1245 3223">
     <span class='ocr_line' id='line_1_25' title="bbox 128 3062 1245 3142; baseline 0.002 -16"><span class='ocrx_word' id='word_1_183' title='bbox 128 3098 130 3102; x_wconf 71' lang='grc'>’</span> <span class='ocrx_word' id='word_1_184' title='bbox 177 3097 232 3126; x_wconf 76' lang='lat' dir='ltr'><strong>riam</strong></span> <span class='ocrx_word' id='word_1_185' title='bbox 248 3075 372 3137; x_wconf 60' lang='lat' dir='ltr'><strong>aliarum</strong></span> <span class='ocrx_word' id='word_1_186' title='bbox 390 3079 446 3126; x_wconf 91' lang='lat' dir='ltr'><strong>vide</strong></span> <span class='ocrx_word' id='word_1_187' title='bbox 460 3078 491 3126; x_wconf 81' lang='lat' dir='ltr'><strong>sd</strong></span> <span class='ocrx_word' id='word_1_188' title='bbox 503 3062 557 3137; x_wconf 92' lang='lat' dir='ltr'><strong>Ill,</strong></span> <span class='ocrx_word' id='word_1_189' title='bbox 572 3080 614 3136; x_wconf 80' lang='lat'><strong>23,</strong></span> <span class='ocrx_word' id='word_1_190' title='bbox 625 3096 650 3125; x_wconf 83' lang='lat' dir='ltr'><strong>n.</strong></span> <span class='ocrx_word' id='word_1_191' title='bbox 667 3095 688 3124; x_wconf 91' lang='lat'><strong>1.</strong></span> <span class='ocrx_word' id='word_1_192' title='bbox 736 3080 813 3126; x_wconf 86' lang='lat' dir='ltr'><strong>multo</strong></span> <span class='ocrx_word' id='word_1_193' title='bbox 825 3081 908 3142; x_wconf 87' lang='lat' dir='ltr'><strong>plures</strong></span> <span class='ocrx_word' id='word_1_194' title='bbox 917 3079 998 3126; x_wconf 82' lang='lat' dir='ltr'><strong>amissi</strong></span> <span class='ocrx_word' id='word_1_195' title='bbox 1012 3078 1245 3138; x_wconf 76' lang='lat' dir='ltr'><strong>dieuntnr3&#39;Dulrer.</strong></span> 
     </span>
     <span class='ocr_line' id='line_1_26' title="bbox 215 3157 1245 3223; baseline 0.001 -17"><span class='ocrx_word' id='word_1_196' title='bbox 215 3162 238 3208; x_wconf 79' lang='grc'><strong>8.</strong></span> <span class='ocrx_word' id='word_1_197' title='bbox 263 3162 316 3206; x_wconf 76' lang='lat' dir='ltr'><strong>Aut</strong></span> <span class='ocrx_word' id='word_1_198' title='bbox 334 3172 426 3223; x_wconf 76' lang='lat' dir='ltr'><strong>parma</strong></span> <span class='ocrx_word' id='word_1_199' title='bbox 434 3157 543 3205; x_wconf 85' lang='lat' dir='ltr'><strong>Velitum</strong></span> <span class='ocrx_word' id='word_1_200' title='bbox 559 3157 634 3222; x_wconf 90' lang='lat' dir='ltr'><strong>(vide</strong></span> <span class='ocrx_word' id='word_1_201' title='bbox 658 3157 690 3204; x_wconf 82' lang='lat' dir='ltr'><strong>ed</strong></span> <span class='ocrx_word' id='word_1_202' title='bbox 769 3175 795 3221; x_wconf 71' lang='lat'><strong>9.</strong></span> <span class='ocrx_word' id='word_1_203' title='bbox 808 3161 938 3223; x_wconf 78' lang='lat' dir='ltr'><strong>Degressus</strong></span> <span class='ocrx_word' id='word_1_204' title='bbox 953 3159 990 3204; x_wconf 82' lang='lat' dir='ltr'><strong>od</strong></span> <span class='ocrx_word' id='word_1_205' title='bbox 1006 3157 1080 3223; x_wconf 78' lang='lat' dir='ltr'><strong>imam</strong></span> <span class='ocrx_word' id='word_1_206' title='bbox 1092 3171 1190 3222; x_wconf 79' lang='lat' dir='ltr'><strong>purtem</strong></span> <span class='ocrx_word' id='word_1_207' title='bbox 1204 3176 1245 3207; x_wconf 84' lang='lat' dir='ltr'><strong>ca-</strong></span> 
     </span>
    </p>
   </div>
   <div class='ocr_carea' id='block_1_4' title="bbox 176 3236 689 4172">
    <p class='ocr_par' dir='ltr' id='par_1_4' title="bbox 176 3236 689 4172">
     <span class='ocr_line' id='line_1_27' title="bbox 177 3236 689 3302; baseline -0.01 -14"><span class='ocrx_word' id='word_1_208' title='bbox 177 3241 280 3298; x_wconf 76' lang='lat' dir='ltr'><strong>xxvl,</strong></span> <span class='ocrx_word' id='word_1_209' title='bbox 300 3247 332 3299; x_wconf 89' lang='grc'><strong>4,</strong></span> <span class='ocrx_word' id='word_1_210' title='bbox 351 3255 377 3289; x_wconf 74' lang='lat' dir='ltr'><strong>u</strong></span> <span class='ocrx_word' id='word_1_211' title='bbox 393 3239 435 3296; x_wconf 74' lang='lat' dir='ltr'><strong>Sl,</strong></span> <span class='ocrx_word' id='word_1_212' title='bbox 449 3249 494 3286; x_wconf 82' lang='lat' dir='ltr'><strong>aut</strong></span> <span class='ocrx_word' id='word_1_213' title='bbox 510 3249 577 3288; x_wconf 81' lang='lat' dir='ltr'><strong>scuto</strong></span> <span class='ocrx_word' id='word_1_214' title='bbox 597 3236 689 3302; x_wconf 76' lang='lat' dir='ltr'><strong>lr&#39;gusti·</strong></span> 
     </span>
     <span class='ocr_line' id='line_1_28' title="bbox 176 3317 689 3384; baseline -0.008 -18"><span class='ocrx_word' id='word_1_215' title='bbox 176 3337 229 3366; x_wconf 86' lang='lat' dir='ltr'><strong>no:</strong></span> <span class='ocrx_word' id='word_1_216' title='bbox 238 3335 294 3366; x_wconf 82' lang='lat' dir='ltr'><strong>uam</strong></span> <span class='ocrx_word' id='word_1_217' title='bbox 303 3319 373 3367; x_wconf 88' lang='lat' dir='ltr'><strong>multi</strong></span> <span class='ocrx_word' id='word_1_218' title='bbox 383 3321 455 3368; x_wconf 82' lang='lat' dir='ltr'><strong>etiam</strong></span> <span class='ocrx_word' id='word_1_219' title='bbox 466 3319 565 3384; x_wconf 84' lang='lat' dir='ltr'><strong>Ligures</strong></span> <span class='ocrx_word' id='word_1_220' title='bbox 575 3334 631 3366; x_wconf 90' lang='lat' dir='ltr'><strong>cum</strong></span> <span class='ocrx_word' id='word_1_221' title='bbox 638 3317 689 3364; x_wconf 86' lang='lat' dir='ltr'><strong>Ro-</strong></span> 
     </span>
     <span class='ocr_line' id='line_1_29' title="bbox 177 3381 686 3463; baseline -0.006 -17"><span class='ocrx_word' id='word_1_222' title='bbox 177 3381 254 3446; x_wconf 68' lang='lat' dir='ltr'><strong>uiduis</strong></span> <span class='ocrx_word' id='word_1_223' title='bbox 271 3393 426 3463; x_wconf 79' lang='lat' dir='ltr'><strong>pugnabant,</strong></span> <span class='ocrx_word' id='word_1_224' title='bbox 438 3409 463 3446; x_wconf 89' lang='lat' dir='ltr'><strong>et</strong></span> <span class='ocrx_word' id='word_1_225' title='bbox 475 3397 502 3444; x_wconf 91' lang='lat' dir='ltr'><strong>hi</strong></span> <span class='ocrx_word' id='word_1_226' title='bbox 516 3415 615 3462; x_wconf 86' lang='lat' dir='ltr'><strong>quoque</strong></span> <span class='ocrx_word' id='word_1_227' title='bbox 628 3395 686 3445; x_wconf 89' lang='lat' dir='ltr'><strong>levi-</strong></span> 
     </span>
     <span class='ocr_line' id='line_1_30' title="bbox 178 3473 687 3542; baseline 0 -18"><span class='ocrx_word' id='word_1_228' title='bbox 178 3473 213 3525; x_wconf 83' lang='lat' dir='ltr'><strong>ter</strong></span> <span class='ocrx_word' id='word_1_229' title='bbox 223 3479 393 3526; x_wconf 79' lang='lat' dir='ltr'><strong>armatierant.</strong></span> <span class='ocrx_word' id='word_1_230' title='bbox 404 3479 443 3528; x_wconf 82' lang='lat' dir='ltr'><strong>Cf</strong></span> <span class='ocrx_word' id='word_1_231' title='bbox 457 3478 548 3526; x_wconf 87' lang='lat' dir='ltr'><strong>Plut..l</strong></span> <span class='ocrx_word' id='word_1_232' title='bbox 559 3479 576 3526; x_wconf 98' lang='lat' dir='ltr'><strong>l</strong></span> <span class='ocrx_word' id='word_1_233' title='bbox 586 3495 611 3542; x_wconf 93' lang='lat' dir='ltr'><strong>p.</strong></span> <span class='ocrx_word' id='word_1_234' title='bbox 623 3479 687 3535; x_wconf 52' lang='lat' dir='ltr'><strong>sou</strong></span> 
     </span>
     <span class='ocr_line' id='line_1_31' title="bbox 176 3557 687 3622; baseline -0.004 -14"><span class='ocrx_word' id='word_1_235' title='bbox 176 3557 267 3620; x_wconf 78' lang='lat' dir='ltr'><strong>Potyh.</strong></span> <span class='ocrx_word' id='word_1_236' title='bbox 283 3559 418 3616; x_wconf 54' lang='lat' dir='ltr'><strong>ummo</strong></span> <span class='ocrx_word' id='word_1_237' title='bbox 426 3592 432 3615; x_wconf 92' lang='lat'><strong>,</strong></span> <span class='ocrx_word' id='word_1_238' title='bbox 446 3557 462 3622; x_wconf 82' lang='lat'>§</span> <span class='ocrx_word' id='word_1_239' title='bbox 475 3573 503 3615; x_wconf 71' lang='grc' dir='ltr'><strong>ις</strong></span> <span class='ocrx_word' id='word_1_240' title='bbox 513 3557 620 3608; x_wconf 81' lang='lat' dir='ltr'><strong>Diodor.</strong></span> <span class='ocrx_word' id='word_1_241' title='bbox 635 3557 687 3608; x_wconf 78' lang='lat' dir='ltr'><strong>Eoi.</strong></span> 
     </span>
     <span class='ocr_line' id='line_1_32' title="bbox 177 3637 688 3702; baseline 0.004 -18"><span class='ocrx_word' id='word_1_242' title='bbox 177 3639 191 3684; x_wconf 84' lang='lat'>3</span> <span class='ocrx_word' id='word_1_243' title='bbox 206 3653 238 3684; x_wconf 84' lang='lat' dir='ltr'><strong>ex</strong></span> <span class='ocrx_word' id='word_1_244' title='bbox 250 3637 292 3682; x_wconf 92' lang='lat' dir='ltr'><strong>lib.</strong></span> <span class='ocrx_word' id='word_1_245' title='bbox 304 3639 393 3684; x_wconf 77' lang='lat' dir='ltr'>XXIII</span> <span class='ocrx_word' id='word_1_246' title='bbox 414 3637 473 3700; x_wconf 90' lang='lat' dir='ltr'><strong>(ubi</strong></span> <span class='ocrx_word' id='word_1_247' title='bbox 490 3637 551 3684; x_wconf 83' lang='lat' dir='ltr'><strong>levis</strong></span> <span class='ocrx_word' id='word_1_248' title='bbox 568 3649 688 3702; x_wconf 77' lang='lat' dir='ltr'><strong>armatura</strong></span> 
     </span>
     <span class='ocr_line' id='line_1_33' title="bbox 177 3715 687 3780; baseline 0.002 -18"><span class='ocrx_word' id='word_1_249' title='bbox 177 3725 321 3778; x_wconf 85' lang='lat' dir='ltr'><strong>scutumque</strong></span> <span class='ocrx_word' id='word_1_250' title='bbox 338 3715 458 3777; x_wconf 83' lang='lat' dir='ltr'><strong>ligurum,</strong></span> <span class='ocrx_word' id='word_1_251' title='bbox 484 3716 570 3780; x_wconf 83' lang='lat' dir='ltr'><strong>gallico</strong></span> <span class='ocrx_word' id='word_1_252' title='bbox 595 3715 687 3780; x_wconf 85' lang='lat' dir='ltr'><strong>simile,</strong></span> 
     </span>
     <span class='ocr_line' id='line_1_34' title="bbox 177 3791 686 3861; baseline 0.002 -21"><span class='ocrx_word' id='word_1_253' title='bbox 177 3791 349 3856; x_wconf 86' lang='lat' dir='ltr'><strong>describitur),</strong></span> <span class='ocrx_word' id='word_1_254' title='bbox 359 3805 383 3839; x_wconf 89' lang='lat' dir='ltr'><strong>et</strong></span> <span class='ocrx_word' id='word_1_255' title='bbox 399 3794 467 3861; x_wconf 83' lang='lat' dir='ltr'><strong>Lips.</strong></span> <span class='ocrx_word' id='word_1_256' title='bbox 480 3795 533 3842; x_wconf 85' lang='lat' dir='ltr'><strong>Mil.</strong></span> <span class='ocrx_word' id='word_1_257' title='bbox 549 3796 620 3842; x_wconf 83' lang='lat' dir='ltr'><strong>Rom.</strong></span> <span class='ocrx_word' id='word_1_258' title='bbox 636 3796 686 3854; x_wconf 91' lang='lat' dir='ltr'><strong>Ill,</strong></span> 
     </span>
     <span class='ocr_line' id='line_1_35' title="bbox 178 3863 688 3944; baseline 0.006 -26"><span class='ocrx_word' id='word_1_259' title='bbox 178 3890 191 3918; x_wconf 81' lang='lat' dir='ltr'><strong>u</strong></span> <span class='ocrx_word' id='word_1_260' title='bbox 197 3907 205 3929; x_wconf 89' lang='lat'><strong>,</strong></span> <span class='ocrx_word' id='word_1_261' title='bbox 215 3863 261 3918; x_wconf 78' lang='lat' dir='ltr'><strong>¹¹sub</strong></span> <span class='ocrx_word' id='word_1_262' title='bbox 272 3870 355 3918; x_wconf 86' lang='lat' dir='ltr'><strong>linem.</strong></span> <span class='ocrx_word' id='word_1_263' title='bbox 365 3899 398 3939; x_wconf 57' lang='lat'><strong>,-</strong></span> <span class='ocrx_word' id='word_1_264' title='bbox 408 3873 486 3944; x_wconf 73' lang='lat' dir='ltr'><strong>Haud</strong></span> <span class='ocrx_word' id='word_1_265' title='bbox 488 3873 578 3939; x_wconf 81' lang='lat' dir='ltr'><strong>paucis</strong></span> <span class='ocrx_word' id='word_1_266' title='bbox 584 3891 593 3928; x_wconf 90' lang='grc'><strong>,·</strong></span> <span class='ocrx_word' id='word_1_267' title='bbox 605 3889 688 3941; x_wconf 87' lang='lat' dir='ltr'><strong>suspe-</strong></span> 
     </span>
     <span class='ocr_line' id='line_1_36' title="bbox 177 3949 686 3999; baseline 0.004 -3"><span class='ocrx_word' id='word_1_268' title='bbox 177 3963 244 3998; x_wconf 84' lang='lat' dir='ltr'><strong>ctum</strong></span> <span class='ocrx_word' id='word_1_269' title='bbox 262 3949 340 3998; x_wconf 75' lang='lat' dir='ltr'><strong>babeo</strong></span> <span class='ocrx_word' id='word_1_270' title='bbox 358 3949 512 3999; x_wconf 67' lang='lat' dir='ltr'><strong>beredenam</strong></span> <span class='ocrx_word' id='word_1_271' title='bbox 530 3951 557 3996; x_wconf 92' lang='lat' dir='ltr'><strong>in</strong></span> <span class='ocrx_word' id='word_1_272' title='bbox 574 3950 634 3999; x_wconf 85' lang='lat' dir='ltr'><strong>levis</strong></span> <span class='ocrx_word' id='word_1_273' title='bbox 648 3968 686 3998; x_wconf 81' lang='lat' dir='ltr'><strong>ar·</strong></span> 
     </span>
     <span class='ocr_line' id='line_1_37' title="bbox 176 4015 686 4078; baseline 0 0"><span class='ocrx_word' id='word_1_274' title='bbox 176 4041 278 4078; x_wconf 82' lang='lat' dir='ltr'><strong>msturae</strong></span> <span class='ocrx_word' id='word_1_275' title='bbox 307 4015 495 4076; x_wconf 74' lang='lat' dir='ltr'><strong>velitationibus</strong></span> <span class='ocrx_word' id='word_1_276' title='bbox 509 4046 564 4076; x_wconf 82' lang='lat' dir='ltr'><strong>raro</strong></span> <span class='ocrx_word' id='word_1_277' title='bbox 584 4031 686 4078; x_wconf 87' lang='lat' dir='ltr'><strong>multum</strong></span> 
     </span>
     <span class='ocr_line' id='line_1_38' title="bbox 177 4107 687 4172; baseline 0.004 -17"><span class='ocrx_word' id='word_1_278' title='bbox 177 4108 300 4171; x_wconf 78' lang='lat' dir='ltr'><strong>sauguinis</strong></span> <span class='ocrx_word' id='word_1_279' title='bbox 317 4107 473 4166; x_wconf 76' lang='lat' dir='ltr'><strong>fundebatur,</strong></span> <span class='ocrx_word' id='word_1_280' title='bbox 487 4120 511 4155; x_wconf 87' lang='lat' dir='ltr'><strong>et</strong></span> <span class='ocrx_word' id='word_1_281' title='bbox 528 4119 627 4172; x_wconf 85' lang='lat' dir='ltr'><strong>postero</strong></span> <span class='ocrx_word' id='word_1_282' title='bbox 649 4110 687 4157; x_wconf 90' lang='lat' dir='ltr'><strong>die</strong></span> 
     </span>
    </p>
   </div>
   <div class='ocr_carea' id='block_1_5' title="bbox 719 3237 1245 3536">
    <p class='ocr_par' dir='ltr' id='par_1_5' title="bbox 731 3237 1245 3536">
     <span class='ocr_line' id='line_1_39' title="bbox 734 3237 1245 3300; baseline 0.002 -15"><span class='ocrx_word' id='word_1_283' title='bbox 734 3251 855 3295; x_wconf 77' lang='lat' dir='ltr'><strong>errorum,</strong></span> <span class='ocrx_word' id='word_1_284' title='bbox 865 3254 920 3300; x_wconf 76' lang='lat' dir='ltr'><strong>quse</strong></span> <span class='ocrx_word' id='word_1_285' title='bbox 930 3237 1045 3286; x_wconf 81' lang='lat' dir='ltr'><strong>videntur</strong></span> <span class='ocrx_word' id='word_1_286' title='bbox 1057 3238 1130 3284; x_wconf 87' lang='lat' dir='ltr'><strong>fuisse</strong></span> <span class='ocrx_word' id='word_1_287' title='bbox 1139 3239 1164 3284; x_wconf 87' lang='lat' dir='ltr'><strong>in</strong></span> <span class='ocrx_word' id='word_1_288' title='bbox 1176 3239 1245 3286; x_wconf 82' lang='lat' dir='ltr'><strong>colli·</strong></span> 
     </span>
     <span class='ocr_line' id='line_1_40' title="bbox 733 3317 1245 3382; baseline 0.002 -17"><span class='ocrx_word' id='word_1_289' title='bbox 733 3318 793 3365; x_wconf 83' lang='lat' dir='ltr'><strong>bus·</strong></span> <span class='ocrx_word' id='word_1_290' title='bbox 788 3318 920 3381; x_wconf 64' lang='lat' dir='ltr'><strong>,paularim</strong></span> <span class='ocrx_word' id='word_1_291' title='bbox 929 3333 1011 3382; x_wconf 77' lang='lat' dir='ltr'><strong>versus</strong></span> <span class='ocrx_word' id='word_1_292' title='bbox 1022 3333 1087 3362; x_wconf 83' lang='lat' dir='ltr'><strong>mare</strong></span> <span class='ocrx_word' id='word_1_293' title='bbox 1097 3317 1245 3366; x_wconf 72' lang='lat' dir='ltr'><strong>descenden</strong></span> 
     </span>
     <span class='ocr_line' id='line_1_41' title="bbox 733 3389 1245 3456; baseline -0.002 -12"><span class='ocrx_word' id='word_1_294' title='bbox 733 3397 812 3455; x_wconf 79' lang='lat' dir='ltr'><strong>tibus3</strong></span> <span class='ocrx_word' id='word_1_295' title='bbox 824 3395 898 3442; x_wconf 81' lang='lat' dir='ltr'><strong>Drak.</strong></span> <span class='ocrx_word' id='word_1_296' title='bbox 912 3423 946 3430; x_wconf 86' lang='lat'><em>-</em></span> <span class='ocrx_word' id='word_1_297' title='bbox 956 3389 1004 3440; x_wconf 74' lang='lat' dir='ltr'><strong>Per</strong></span> <span class='ocrx_word' id='word_1_298' title='bbox 1013 3395 1130 3442; x_wconf 69' lang='lat' dir='ltr'><strong>devectum</strong></span> <span class='ocrx_word' id='word_1_299' title='bbox 1141 3397 1166 3456; x_wconf 68' lang='lat' dir='ltr'><strong>in</strong></span> <span class='ocrx_word' id='word_1_300' title='bbox 1177 3393 1245 3444; x_wconf 78' lang='lat' dir='ltr'><strong>mare</strong></span> 
     </span>
     <span class='ocr_line' id='line_1_42' title="bbox 719 3473 1244 3536; baseline 0.004 -14.047"><span class='ocrx_word' id='word_1_301' title='bbox 719 3475 867 3528; x_wconf 73' lang='lat' dir='ltr'><strong>brachium.</strong></span> <span class='ocrx_word' id='word_1_302' title='bbox 880 3473 974 3536; x_wconf 77' lang='lat' dir='ltr'><strong>Quaerlt</strong></span> <span class='ocrx_word' id='word_1_303' title='bbox 984 3473 1088 3522; x_wconf 70' lang='lat' dir='ltr'><strong>&#39;Creven</strong></span> <span class='ocrx_word' id='word_1_304' title='bbox 1104 3491 1135 3521; x_wconf 83' lang='lat' dir='ltr'><strong>en</strong></span> <span class='ocrx_word' id='word_1_305' title='bbox 1156 3474 1244 3524; x_wconf 75' lang='lat' dir='ltr'><strong>fossum</strong></span> 
     </span>
    </p>
   </div>
   <div class='ocr_carea' id='block_1_6' title="bbox 719 3549 1244 3618">
    <p class='ocr_par' dir='ltr' id='par_1_6' title="bbox 719 3549 1244 3618">
     <span class='ocr_line' id='line_1_43' title="bbox 719 3549 1244 3618; baseline 0.002 -16"><span class='ocrx_word' id='word_1_306' title='bbox 719 3549 988 3618; x_wconf 71' lang='lat' dir='ltr'><strong>,uulmqueatluseo</strong></span> <span class='ocrx_word' id='word_1_307' title='bbox 995 3553 1244 3614; x_wconf 63' lang='lat' dir='ltr'><strong>decreverimus-e,</strong></span> 
     </span>
    </p>
   </div>
   <div class='ocr_carea' id='block_1_7' title="bbox 731 3633 1242 4161">
    <p class='ocr_par' dir='ltr' id='par_1_7' title="bbox 731 3633 1242 4161">
     <span class='ocr_line' id='line_1_44' title="bbox 733 3633 1242 3698; baseline -0.004 -16"><span class='ocrx_word' id='word_1_308' title='bbox 733 3652 760 3682; x_wconf 78' lang='lat' dir='ltr'><strong>uc</strong></span> <span class='ocrx_word' id='word_1_309' title='bbox 774 3633 877 3698; x_wconf 87' lang='lat' dir='ltr'><strong>proinde</strong></span> <span class='ocrx_word' id='word_1_310' title='bbox 890 3635 1008 3681; x_wconf 74' lang='lat' dir='ltr'><strong>aeseteris</strong></span> <span class='ocrx_word' id='word_1_311' title='bbox 1021 3634 1177 3680; x_wconf 87' lang='lat' dir='ltr'><strong>munimentis</strong></span> <span class='ocrx_word' id='word_1_312' title='bbox 1187 3635 1242 3680; x_wconf 91' lang='lat' dir='ltr'><strong>lon-</strong></span> 
     </span>
     <span class='ocr_line' id='line_1_45' title="bbox 732 3707 1242 3777; baseline 0.006 -17"><span class='ocrx_word' id='word_1_313' title='bbox 732 3715 784 3777; x_wconf 84' lang='lat' dir='ltr'><strong>gius</strong></span> <span class='ocrx_word' id='word_1_314' title='bbox 809 3715 919 3760; x_wconf 77' lang='lat' dir='ltr'><strong>remota?</strong></span> <span class='ocrx_word' id='word_1_315' title='bbox 940 3729 971 3760; x_wconf 81' lang='lat' dir='ltr'><strong>un</strong></span> <span class='ocrx_word' id='word_1_316' title='bbox 992 3707 1242 3763; x_wconf 74' lang='lat' dir='ltr'><strong>brachium‘flumtnis</strong></span> 
     </span>
     <span class='ocr_line' id='line_1_46' title="bbox 731 3783 1242 3858; baseline 0 -18"><span class='ocrx_word' id='word_1_317' title='bbox 731 3795 818 3858; x_wconf 87' lang='lat' dir='ltr'><strong>Enipei</strong></span> <span class='ocrx_word' id='word_1_318' title='bbox 836 3793 861 3838; x_wconf 91' lang='lat' dir='ltr'><strong>in</strong></span> <span class='ocrx_word' id='word_1_319' title='bbox 879 3809 944 3853; x_wconf 80' lang='lat' dir='ltr'><strong>mare</strong></span> <span class='ocrx_word' id='word_1_320' title='bbox 958 3783 1052 3838; x_wconf 83' lang='lat' dir='ltr'><strong>devexo</strong></span> <span class='ocrx_word' id='word_1_321' title='bbox 1063 3791 1133 3838; x_wconf 81' lang='lat' dir='ltr'><strong>alveo</strong></span> <span class='ocrx_word' id='word_1_322' title='bbox 1147 3789 1242 3840; x_wconf 80' lang='lat' dir='ltr'><strong>fluens?</strong></span> 
     </span>
     <span class='ocr_line' id='line_1_47' title="bbox 732 3873 1242 3936; baseline 0 -15"><span class='ocrx_word' id='word_1_323' title='bbox 732 3875 757 3922; x_wconf 91' lang='lat' dir='ltr'><strong>Si</strong></span> <span class='ocrx_word' id='word_1_324' title='bbox 765 3874 813 3921; x_wconf 91' lang='lat' dir='ltr'><strong>hoc</strong></span> <span class='ocrx_word' id='word_1_325' title='bbox 824 3873 958 3936; x_wconf 87' lang='lat' dir='ltr'><strong>posteriore</strong></span> <span class='ocrx_word' id='word_1_326' title='bbox 968 3888 1039 3918; x_wconf 88' lang='lat' dir='ltr'><strong>sensu</strong></span> <span class='ocrx_word' id='word_1_327' title='bbox 1049 3873 1141 3934; x_wconf 79' lang='lat' dir='ltr'><strong>capias,</strong></span> <span class='ocrx_word' id='word_1_328' title='bbox 1151 3874 1242 3921; x_wconf 84' lang='lat' dir='ltr'><strong>indicu-</strong></span> 
     </span>
     <span class='ocr_line' id='line_1_48' title="bbox 731 3943 1242 4010; baseline 0.004 -12"><span class='ocrx_word' id='word_1_329' title='bbox 731 3953 793 4000; x_wconf 88' lang='lat' dir='ltr'><strong>verit</strong></span> <span class='ocrx_word' id='word_1_330' title='bbox 808 3951 890 3998; x_wconf 88' lang='lat' dir='ltr'><strong>Livius</strong></span> <span class='ocrx_word' id='word_1_331' title='bbox 908 3951 948 3997; x_wconf 83' lang='lat' dir='ltr'><strong>hle</strong></span> <span class='ocrx_word' id='word_1_332' title='bbox 973 3950 1083 3997; x_wconf 83' lang='lat' dir='ltr'><strong>scindere</strong></span> <span class='ocrx_word' id='word_1_333' title='bbox 1099 3968 1123 3998; x_wconf 91' lang='lat' dir='ltr'><strong>se</strong></span> <span class='ocrx_word' id='word_1_334' title='bbox 1139 3943 1242 4010; x_wconf 84' lang='lat' dir='ltr'><strong>flumen,</strong></span> 
     </span>
     <span class='ocr_line' id='line_1_49' title="bbox 732 4027 1240 4094; baseline 0.002 -15"><span class='ocrx_word' id='word_1_335' title='bbox 732 4043 803 4094; x_wconf 82' lang='lat' dir='ltr'><strong>atque</strong></span> <span class='ocrx_word' id='word_1_336' title='bbox 817 4029 892 4092; x_wconf 80' lang='lat' dir='ltr'><strong>adeo,</strong></span> <span class='ocrx_word' id='word_1_337' title='bbox 907 4041 934 4075; x_wconf 93' lang='lat' dir='ltr'><strong>ut</strong></span> <span class='ocrx_word' id='word_1_338' title='bbox 948 4031 996 4076; x_wconf 88' lang='lat' dir='ltr'><strong>fere</strong></span> <span class='ocrx_word' id='word_1_339' title='bbox 1015 4027 1059 4086; x_wconf 86' lang='lat' dir='ltr'><strong>fit,</strong></span> <span class='ocrx_word' id='word_1_340' title='bbox 1071 4030 1151 4078; x_wconf 86' lang='lat' dir='ltr'><strong>minus</strong></span> <span class='ocrx_word' id='word_1_341' title='bbox 1165 4034 1240 4080; x_wconf 87' lang='lat' dir='ltr'><strong>altum</strong></span> 
     </span>
     <span class='ocr_line' id='line_1_50' title="bbox 733 4107 1240 4161; baseline 0.01 -5"><span class='ocrx_word' id='word_1_342' title='bbox 733 4123 757 4157; x_wconf 91' lang='lat' dir='ltr'><strong>et</strong></span> <span class='ocrx_word' id='word_1_343' title='bbox 774 4110 876 4156; x_wconf 82' lang='lat' dir='ltr'><strong>transitu</strong></span> <span class='ocrx_word' id='word_1_344' title='bbox 893 4107 988 4154; x_wconf 76' lang='lat' dir='ltr'><strong>lucilius</strong></span> <span class='ocrx_word' id='word_1_345' title='bbox 1002 4125 1059 4155; x_wconf 88' lang='lat' dir='ltr'><strong>esse.</strong></span> <span class='ocrx_word' id='word_1_346' title='bbox 1075 4111 1121 4157; x_wconf 87' lang='lat' dir='ltr'><strong>Sed</strong></span> <span class='ocrx_word' id='word_1_347' title='bbox 1135 4113 1191 4160; x_wconf 80' lang='lat' dir='ltr'><strong>vIdo</strong></span> <span class='ocrx_word' id='word_1_348' title='bbox 1209 4112 1240 4161; x_wconf 84' lang='lat' dir='ltr'><strong>ad</strong></span> 
     </span>
    </p>
   </div>
   <div class='ocr_carea' id='block_1_8' title="bbox 0 0 1496 4706">
    <p class='ocr_par' dir='ltr' id='par_1_8' title="bbox 0 0 1496 4706">
     <span class='ocr_line' id='line_1_51' title="bbox 0 0 1496 4706; baseline 0 2"><span class='ocrx_word' id='word_1_349' title='bbox 0 0 1496 4706; x_wconf 95' lang='lat' dir='ltr'><strong> </strong></span> 
     </span>
    </p>
   </div>
  </div>
 </body>
</html>
