2972 4720
260 359 305 456 76
679 363 717 429 Τ.
748 361 887 430 nvn
1177 345 1300 445 azia:

259 485 452 580 aspernati,
470 483 638 552 Romanis
653 505 690 553 se
707 480 973 578 adjungebant:
991 483 1163 555 Ismenias
1181 497 1329 580 gentem

259 595 468 661 Boeotorum
483 592 520 660 in
534 589 643 662 fidem
657 597 902 663 Romanorum
916 592 1077 686 permitti
1090 615 1235 688 aequum
1247 619 1329 664 cen-

260 701 370 772 sebat.
388 700 478 772 Inde
493 705 684 778 certamine
700 717 801 789 orto,
818 702 885 771 nisi
899 701 936 769 in
954 700 1111 772 tribunal
1125 702 1328 800 legatorum
1370 693 1372 697 ¹

261 807 476 907 perfugisset
486 822 513 897 ²,
532 810 628 882 haurd
645 810 800 882 multum
817 808 952 896 abfuit,
969 813 1059 906 quin
1079 811 1125 882 ab
1143 812 1328 885 exsulibus

262 917 540 1017 fautoribusque
567 946 695 992 eorum
723 919 994 991 interficeretur.
1021 918 1153 991 Thehae
1178 947 1327 1020 quoque

262 1031 372 1126 ipsae,
402 1030 503 1126 quod
530 1033 674 1103 Boeotiae
705 1045 813 1128 eaput
841 1045 915 1114 est,
942 1032 980 1099 in
1010 1055 1139 1126 magno
1168 1034 1328 1104 tumultu

264 1155 385 1227 erant,
406 1140 481 1210 aliis
501 1139 546 1210 ad
564 1166 685 1240 regem
703 1139 928 1211 trahentibus
947 1141 1147 1230 civitatem,
1179 1143 1254 1213 aliis
1281 1145 1327 1215 ad

262 1251 454 1319 Romanos.
466 1247 896 1321 EtturbaCoroneocum³
905 1249 1233 1349 Haliartiorumque
1243 1279 1334 1326 con··

263 1375 413 1430 venerat
432 1360 476 1430 ad
500 1358 769 1432 defendendum
795 1359 978 1432 decretum
1005 1363 1111 1459 regiae
1139 1366 1326 1438 societatis.

264 1467 335 1539 Sed
362 1474 561 1543 constantia
585 1471 811 1570 principum,
844 1471 1052 1542 docentium
1071 1473 1232 1546 cladibus
1252 1475 1328 1546 Phi·

263 1577 353 1677 lippi
368 1581 629 1679 Antiochique,
649 1597 783 1677 quanta
800 1596 893 1652 esset
906 1581 959 1650 vis
974 1595 1009 1652 et
1026 1579 1170 1653 fortuna
1188 1585 1329 1684 imperii

262 1692 414 1777 romani,
424 1693 514 1762 victa
530 1692 655 1762 eadem
670 1689 882 1778 multitud0,
899 1705 952 1778 et,
971 1705 1012 1761 ut
1030 1691 1218 1763 tolleretur
1232 1696 1329 1791 regia

264 1801 433 1887 societas,
461 1802 633 1889 decrevit,
663 1817 699 1873 et
723 1827 804 1889 eos,
832 1801 897 1898 qui
923 1816 1086 1871 auctores
1110 1803 1329 1898 paciscendae

265 1911 426 1980 amicitiae
441 1909 601 1999 fuerant,
620 1911 665 1982 ad
679 1909 966 1983 satisfaciendum
980 1911 1103 2008 legatis
1123 1913 1328 2002 Chalcidem

226 2087 239 2108 ,
265 2020 378 2105 misit,
401 2019 559 2116 fideique
580 2021 780 2117 legatorum
801 2020 1045 2094 commendari
1060 2022 1234 2093 civitatem
1252 2024 1329 2117 jus·

266 2130 321 2200 sit.
342 2128 532 2201 Thebanos
545 2133 699 2202 Marcius
712 2146 748 2201 et
763 2131 890 2203 Atilius
902 2131 972 2202 laeti
986 2131 1196 2221 audierunt,
1214 2148 1330 2205 aucto·

264 2265 395 2336 resque
411 2254 447 2310 et
465 2240 521 2311 his
540 2243 727 2341 separatim
745 2243 893 2339 singulis
910 2241 1075 2314 fueruntl
1096 2243 1141 2314 ad
1157 2269 1330 2315 renovan-

267 2349 348 2420 dam
370 2351 559 2421 amicitiam
578 2352 742 2422 mittendi
760 2352 1075 2450 Romam'legatos.
1099 2357 1190 2425 Ante
1210 2357 1330 2427 omnia

268 2458 409 2529 exsules
424 2461 563 2530 restitui
575 2461 780 2556 jusserunt,
800 2478 836 2534 et
850 2477 1018 2534 auctores,
1034 2463 1139 2558 regiae
1155 2466 1330 2537 societatis

269 2569 415 2640 decreto
431 2594 497 2640 suo
517 2571 742 2643 damnarunt.
765 2569 958 2669 Ita⁵,quod
976 2573 1129 2642 maxime
1145 2574 1329 2664 volebant,

260 2776 378 2842 fregisset,
391 2776 411 2828 ri
420 2775 456 2860 pir
469 2778 602 2847 κατέφυγεν
618 2779 664 2831 ὑπὸ
683 2779 716 2834 τὰ
738 2775 776 2832 di·
856 2781 880 2828 3.
894 2781 927 2828 Et
948 2779 1020 2825 turba
1044 2779 1218 2836 Coroneornm,
1236 2791 1282 2829 etc,
1300 2797 1331 2828 ex

268 2861 326 2926 lupa
345 2861 393 2907 τῶν
416 2859 534 2926 Ρωμαίων
547 2858 634 2923 Polyb.
652 2858 671 2906 1.
694 2860 713 2908 l.
733 2860 777 2907 ubi
820 2860 908 2924 Polyb.
926 2859 1042 2915 XXVII,
1065 2874 1091 2917 1,
1111 2858 1174 2906 forte
1195 2859 1242 2923 leg.
1262 2877 1289 2907 eo
1307 2872 1332 2906 et

267 2939 362 2986 Ernesti
371 2937 466 2984 notavit
476 2937 545 2985 haec:
558 2961 570 2980 ιι
578 2939 637 2986 Non
648 2939 725 2988 intell.
736 2939 777 2986 tri·
821 2941 892 2986 turba
906 2939 1086 2993 Coroneorum,
1102 2948 1149 2986 eto.
1163 2939 1277 2986 Gronove
1287 2939 1330 2987 Co·

268 3017 357 3073 bunal,
374 3017 401 3064 iu
415 3033 465 3080 quo
483 3018 635 3082 magistratus
650 3018 735 3066 sedent
750 3019 776 3065 in
821 3033 960 3064 ronaeorum
979 3015 1137 3063 scribendum
1159 3033 1210 3064 esse
1233 3029 1331 3066 couten-

268 3109 324 3145 actu
340 3113 435 3155 rerum,
450 3097 480 3145 de
496 3114 546 3160 quo
563 3091 650 3166 diduptt
667 3097 777 3145 dicinnn
822 3094 1331 3156 duntnrak.adxxxt⁷1,20,n.2‚et

178 3195 183 3202 ’
268 3176 427 3239 credo,quia
438 3193 491 3223 eam
504 3177 556 3223 sine
568 3188 634 3224 tecto
645 3188 670 3224 et
684 3177 777 3224 foribus
820 3175 914 3223 Berkel.
933 3174 964 3222 ad
982 3171 1068 3236 steph.
1084 3172 1132 3220 Sed
1148 3175 1273 3244 Κορώνεια
1295 3187 1332 3226 est

267 3256 340 3301 fuisse
351 3254 408 3300 satis
420 3265 529 3313 constat,
543 3272 628 3303 verum
641 3256 709 3303 sedes
718 3258 776 3303 insi-
821 3255 935 3312 Boeotiae,
945 3251 1045 3321 Κορώνη
1061 3251 1071 3316 (
1082 3252 1188 3311 Corone,
1200 3256 1330 3316 XXXIX,

269 3335 333 3398 guis,
350 3345 440 3381 structa
452 3334 536 3401 legatis
550 3339 671 3394 romanis,
685 3337 726 3384 ubi
740 3354 776 3384 se·
822 3342 855 3396 49
872 3349 909 3398 pr.
923 3335 932 3398 )
946 3331 1074 3380 Messeniae
1088 3333 1191 3397 oppid,
1207 3345 1231 3381 et
1244 3335 1276 3382 ah
1289 3334 1331 3380 illo

269 3414 370 3470 derent,
394 3413 453 3459 dum
476 3415 608 3463 conciones
629 3416 777 3463 haberentur
821 3411 956 3481 Κορώνης,
972 3409 1076 3460 coroner·
1085 3413 1123 3459 vel
1134 3413 1331 3470 Coronenses,ab

269 3495 425 3546 Graecorum,
438 3501 466 3537 ut
478 3492 601 3541 auditores
618 3505 643 3542 et
657 3505 778 3558 spectato-
822 3490 871 3540 hoc
890 3493 1041 3560 Koposaitr,
1064 3493 1187 3550 Coronaei,
1210 3493 1331 3540 dicuntur-

269 3589 320 3631 res,
340 3571 450 3633 factaque
459 3571 490 3618 ad
503 3572 603 3620 modurn
621 3574 728 3622 cubiculi
741 3575 779 3622 vel
822 3598 858 3609 -
872 3572 1014 3622 Constantia
1022 3571 1176 3638 principum,
1192 3571 1332 3637 Olympichi

265 3651 339 3717 podii
351 3652 377 3697 in
391 3649 505 3709 theatris,
521 3667 575 3714 quae
591 3652 694 3701 haberet
703 3655 776 3702 iores.
823 3651 889 3714 apud
900 3651 988 3715 Polyb.

269 3733 341 3783 Cotti.
357 3733 421 3780 Suet.
443 3730 503 3779 Ner.
522 3746 584 3778 12».
609 3733 726 3780 Tribunal
743 3746 778 3781 ta·
860 3738 883 3784 i·
893 3731 1012 3780 Auctores
1026 3745 1049 3779 et
1063 3731 1099 3779 tis
1109 3729 1241 3794 separatim
1252 3730 1332 3793 singu·

270 3829 326 3862 men
339 3810 421 3859 sedem
437 3825 535 3874 quoque
550 3812 662 3874 pretoris
678 3811 779 3859 inludis
823 3807 979 3872 lisfoerrmt:
990 3821 1052 3876 puto
1063 3822 1087 3857 et
1097 3810 1133 3858 lais
1143 3809 1153 3874 (
1163 3809 1284 3856 Thebanis
1294 3807 1334 3871 )et

272 3892 336 3949 dici,
348 3891 412 3937 idem
426 3892 483 3938 Ern.
497 3901 582 3939 monet
594 3890 626 3938 ad
637 3893 703 3938 Suet.
715 3893 779 3953 Aug.
823 3888 956 3950 separatim
978 3888 1078 3954 singulis
1088 3889 1097 3954 (
1108 3887 1209 3936 Boeotiae
1228 3887 1333 3935 civitati-

273 3980 323 4030 44,
337 3970 421 4018 Claud.
441 3985 488 4024 at,
508 3978 532 4016 et
545 3969 602 4016 Ner.
625 3969 780 4016 rn.-Alir's
823 3964 903 4030 bus),
918 3969 1042 4016 Grum—
1056 3966 1330 4022 Aneeomniaexsules‚

270 4052 306 4098 ad
315 4065 393 4114 rogem
411 4047 559 4095 trahentibus
578 4047 711 4104 civitatem,
730 4057 777 4096 etc.
824 4056 870 4094 etc.
882 4049 947 4094 conf.
960 4047 1046 4111 Polyb.
1059 4049 1173 4104 XXVII,
1186 4063 1210 4093 2.

201 4176 209 4190 ,
271 4131 327 4180 vide
341 4128 372 4178 ad
384 4129 528 4188 xxl11,s‚
543 4143 566 4174 u.
581 4143 605 4173 a⁴
861 4128 885 4176 5.
901 4133 954 4186 lta,
973 4128 1079 4176 discusso
1091 4131 1119 4176 B.
1131 4127 1232 4176 consilio
1247 4121 1333 4188 (aoros

615 4285 625 4318 Ι
