2966 4708
272 349 358 442 494.
673 349 926 420 EPITOMAE

272 493 316 538 ex
336 490 408 564 qua
427 465 617 536 duodecim
639 491 660 538 a
678 483 804 539 senatu
820 469 962 556 hostes,
981 471 1075 540 inter
1094 495 1188 566 quos
1206 475 1245 542 C.
1260 477 1333 543 Ma-

269 579 344 648 rius
365 590 465 672 pater
481 590 517 645 et
532 573 647 661 filius,
658 576 807 670 judicati
824 594 918 649 sunt.
942 583 978 648 P.
1001 579 1200 677 Sulpicius,
1220 607 1332 678 quum

225 721 229 727 ·
272 689 311 756 in
326 685 482 783 quadam
497 681 602 754 villa³
619 685 764 773 lateret,
783 686 916 757 indicio
930 689 1022 759 servi
1035 690 1092 759 sui
1106 705 1278 762 retractus
1297 707 1332 764 et

272 799 411 869 occisus
438 810 501 866 est.
531 800 680 883 Servus,
708 812 750 868 ut
774 787 961 894 praemium
984 801 1202 896 promissum
1225 800 1331 872 indici

270 906 437 993 haberet,
452 929 560 976 manu
577 906 721 992 missus,
736 921 772 978 et
787 905 835 976 ob
854 907 969 979 scelus
984 908 1118 1005 proditi
1133 910 1270 981 domini
1286 912 1330 983 de

270 1041 356 1089 saxo
370 1015 530 1110 dejectus
544 1031 606 1087 est.
624 1019 662 1086 C.
678 1017 812 1088 Marius
826 1015 921 1088 filius
935 1019 972 1088 in
986 1017 1164 1090 Africaml
1183 1022 1328 1116 trajecit.

271 1133 310 1201 C.
330 1127 463 1196 Marius
487 1141 605 1224 pater,
622 1151 736 1222 quum
756 1128 793 1196 in
814 1127 1008 1225 paludiBus
1026 1132 1329 1202 Minturnensium

270 1238 415 1322 lateret,
434 1249 614 1306 extractus
632 1250 687 1306 est
703 1234 748 1306 ab
768 1236 979 1335 oppidanis,
995 1254 1048 1326 et,
1069 1264 1182 1335 quum
1204 1242 1329 1311 missus

269 1349 315 1420 ad
328 1345 567 1417 occidendum
582 1369 667 1416 eum
683 1369 822 1433 servus,
839 1346 1137 1438 natione-Gallus,
1150 1351 1330 1444 majestate

270 1458 360 1528 tanti
377 1457 445 1542 viri
467 1455 677 1553 perterritus
694 1456 915 1544 recessisset,
937 1459 1123 1555 impositus
1138 1457 1281 1555 publice
1293 1461 1329 1529 in

270 1569 388 1639 navim
406 1567 545 1638 delatus
558 1581 612 1636 est
625 1565 663 1635 in
677 1562 841 1635 Africam.
864 1571 904 1637 L.
925 1567 1022 1638 Sulla
1036 1569 1185 1638 civitatis
1198 1583 1328 1639 statum

269 1672 499 1750 ordinavit⁵z
534 1675 662 1746 exinde
689 1674 851 1747 colonias
877 1676 1036 1755 deduxit.
1065 1681 1109 1766 Q.
1140 1680 1328 1776 Pompeius

268 1786 432 1876 consul⁶,
460 1787 505 1857 ad
530 1785 777 1881 accipiendum
799 1812 820 1857 a
839 1791 903 1858 Cn.
926 1789 1096 1884 Pompeio
1115 1789 1327 1885 proconsule

269 1899 465 1970 exereitum
479 1893 681 1995 profectus,
703 1895 851 1990 consilio
870 1897 947 1990 ejus
961 1899 1098 1968 occisus
1113 1914 1176 1969 est.
1191 1898 1327 1970 Mithri-

270 2010 389 2095 dates,
413 2007 518 2080 Ponti
539 2031 621 2094 rex,
642 2005 804 2102 Bithynia
825 2021 861 2077 et
883 2008 1107 2104 Cappadocia
1128 2010 1326 2108 occupatis,

268 2135 305 2191 et
326 2119 431 2217 pulso
449 2117 606 2215 Aquillio
626 2115 740 2214 legato
752 2127 778 2202 ⁷,
800 2117 1008 2215 Phrygiam,
1027 2120 1247 2216 provinciam
1261 2144 1327 2216 po-

270 2231 346 2329 puli
364 2229 522 2312 romani,
544 2251 627 2297 cum
643 2227 777 2323 ingenti
797 2229 956 2300 exercitu
973 2231 1127 2301 intravit.

269 2477 319 2526 qua
340 2459 445 2506 factione
463 2455 603 2514 duodecim,
622 2467 668 2505 ete.
687 2457 778 2506 Confer
822 2475 848 2507 u.
859 2459 885 2508 5.
902 2487 936 2498 -
950 2462 999 2508 Pro
1011 2459 1133 2524 impositus
1140 2461 1238 2524 publice
1247 2462 1271 2508 iu
1281 2477 1325 2507 ua-

271 2539 377 2606 Appieu.
387 2535 447 2586 Bell.
459 2536 512 2585 civ.
521 2537 548 2593 1,
559 2534 601 2584 60.
823 2537 869 2584 vim
881 2539 940 2586 olim
953 2525 1078 2604 legebatur
1089 2538 1213 2603 impositus
1222 2541 1325 2603 publices

307 2623 329 2669 3.
346 2622 374 2666 Ρ.
392 2615 521 2680 Sulpicius,
538 2631 612 2678 quum
628 2614 653 2661 r'u
667 2610 777 2677 quadam
821 2617 892 2675 navi,
913 2618 982 2681 quod
1000 2618 1086 2666 merito
1109 2619 1221 2666 Creverio
1241 2619 1325 2682 displi—

270 2701 334 2749 uilla
340 2731 400 2748 .....
406 2694 511 2760 dejectus
520 2704 557 2740 ese
564 2710 574 2750 ,·
594 2691 659 2740 conf.
667 2693 775 2756 Appias.
820 2695 955 2746 cenaeus.

270 2782 287 2830 l.
306 2779 324 2830 l.
342 2777 406 2826 Vell.
425 2777 463 2833 II,
483 2789 531 2835 193
550 2771 673 2821 Plutarch.
692 2773 775 2832 Sulla,
856 2777 879 2824 5.
898 2779 927 2824 L.
939 2776 1007 2824 Sulla
1015 2773 1118 2823 civitatis
1128 2785 1218 2822 statum
1228 2771 1325 2822 ordina·

268 2878 294 2925 p.
305 2859 369 2919 4573
382 2858 454 2904 Oros.
465 2853 495 2911 V,
510 2867 553 2914 193
566 2851 675 2898 Freinsh.
686 2852 774 2917 Suppl.
820 2854 870 2912 uit,·
884 2856 933 2903 vid.
944 2856 1052 2919 Appiam.
1067 2853 1127 2902 Bell.
1140 2854 1193 2904 civ.
1204 2857 1228 2911 1,
1241 2854 1280 2916 ⁵⁹·
1291 2880 1326 2889 -

267 2957 321 3004 cap.
331 2933 541 2986 28.-Prcemium
551 2930 775 2995 iudieipromt'ssum
819 2933 918 2981 Exinde
929 2934 1038 2982 colonias
1052 2933 1155 2980 deduxit
1162 2933 1275 2980 militares
1285 2949 1324 2980 ve·

269 3021 354 3074 fuisse,
371 3012 469 3062 aliunde
491 3027 542 3058 non
563 3022 674 3069 constan
700 3011 775 3060 urat,
821 3023 974 3074 teranorum,
988 3029 1093 3078 quorum
1111 3029 1183 3078 opera
1202 3029 1259 3060 usus
1278 3013 1325 3060 lue·

268 3095 349 3146 Indici
358 3110 404 3159 pro
416 3091 500 3140 indicit
509 3108 541 3139 ex
554 3091 648 3140 emend.
658 3093 775 3139 Gron—
820 3103 864 3141 rat.
875 3093 904 3140 Id
915 3109 974 3141 vero
985 3093 1098 3142 confecto
1110 3093 1206 3139 demum
1217 3076 1281 3143 bello
1290 3093 1325 3137 ei-

268 3181 305 3226 De
316 3191 379 3225 saxo
391 3171 504 3235 Tarpeio.
820 3172 864 3218 vili
878 3171 969 3220 factum
985 3161 1050 3228 esse,
1069 3171 1109 3218 elii
1123 3170 1236 3218 trudunt:
1250 3185 1325 3232 neque

306 3265 328 3313 t.
343 3254 368 3303 C.
381 3250 475 3299 Marius
478 3249 549 3317 filius
564 3248 589 3296 iu
601 3247 713 3314 Africam
726 3258 776 3294 tra·
818 3252 947 3314 probabi-le
965 3269 1015 3300 esse
1036 3260 1120 3298 monet
1137 3251 1218 3308 Dulr„
1235 3262 1259 3298 et
1273 3249 1323 3297 Sul·

264 3335 340 3403 jectu,-
352 3331 419 3379 toul.
429 3330 536 3392 Appian.
546 3326 604 3376 Bell.
616 3327 669 3376 ctv.
680 3329 707 3383 1,
726 3328 775 3384 6ο,
819 3329 877 3388 lum,
890 3331 922 3377 ud
935 3331 1025 3379 bellum
1034 3329 1226 3378 Mithridaticum
1238 3344 1324 3393 prope-

270 3419 317 3471 623
329 3410 392 3459 Vell·
403 3411 442 3465 11,
458 3422 501 3468 193
522 3406 584 3454 Plssl·
596 3407 659 3454 ΜΝ·
672 3422 696 3470 Ρ·
709 3407 774 3463 4²⁶3
818 3420 926 3469 rentem,
937 3410 1108 3474 cogitationem
1117 3408 1187 3464 dere,
1196 3423 1249 3471 que
1258 3407 1322 3460 Brevi

267 3499 338 3546 om„
347 3492 380 3547 V,
396 3501 437 3548 19,
453 3511 488 3522 -
509 3484 536 3532 C.
547 3483 640 3532 Marius
648 3495 723 3548 pater
815 3481 936 3544 'temporis
946 3482 1025 3546 spatio
1034 3480 1133 3542 transigi
1141 3495 1193 3526 uon
1203 3479 1320 3542 potuerit,

269 3573 395 3640 Africam,
407 3565 474 3613 conl.
488 3564 594 3628 Appium
608 3563 668 3611 Bell.
686 3563 740 3611 Civ.
750 3567 774 3622 Ι,
820 3559 942 3623 suscipere
952 3559 1070 3617 voluisse,
1085 3569 1120 3616 et,
1129 3559 1320 3619 juventutemm.

268 3655 299 3701 61
316 3667 352 3713 sq.
364 3647 427 3696 Plut.
439 3645 502 3691 Mar.
520 3659 546 3706 p.
561 3643 624 3699 4283
637 3647 697 3691 Aur.
707 3643 774 3691 Viot.
818 3638 946 3703 absumpta
968 3639 1033 3686 bello
1060 3637 1140 3694 civili,
1166 3637 1321 3700 superfuisse,

270 3735 300 3780 de
309 3729 376 3776 Viris
389 3723 516 3782 ill.1,67;
533 3720 596 3768 Vell.
609 3722 648 3777 ΙΙ,
661 3721 773 3782 193Vel.
818 3719 861 3782 qui
880 3717 911 3767 ab
933 3720 999 3767 Urbe
1018 3721 1044 3764 in
1068 3717 1177 3764 colonias
1198 3716 1262 3764 mitti
1279 3731 1321 3778 po-

269 3815 337 3858 Max.
350 3810 392 3867 11,
412 3818 456 3857 ro,
470 3798 486 3862 S
501 3814 539 3848 ιο.
554 3825 588 3834 -
599 3797 706 3844 Natione
715 3799 775 3846 Gul-
819 3798 916 3845 tuerint.

269 3891 322 3936 lus:
342 3885 382 3932 alii
396 3881 520 3932 Cimbrum
538 3879 611 3924 fuisse
629 3877 721 3925 dieunt.
740 3906 775 3915 -
855 3877 879 3926 6.
900 3877 928 3936 Q.
942 3873 1068 3937 Pompeius
1079 3873 1158 3920 Rufus
1169 3873 1253 3918 consul
1261 3889 1281 3919 r.
1292 3873 1320 3919 U.

268 3965 378 4018 Publice,
398 3941 495 4027 publica
511 3958 715 4005 Minturnensium
733 3973 775 4004 au·
820 3956 880 4012 666,
893 3965 938 4001 etc.
953 3955 1024 4002 Cous.
1037 3953 1142 4017 Appiau.
1159 3951 1218 3999 Bell.
1232 3951 1284 4000 Ciu.
1298 3953 1320 4006 1,

271 4043 380 4092 ctoritate
386 4055 396 4096 ς,
405 4036 478 4086 Drak.
486 4053 618 4099 eorumque
626 4036 775 4100 sumptibus;
822 4036 852 4082 63
862 4034 940 4090 ;Vell.
949 4037 986 4091 ΙΙ,
998 4030 1046 4091 πο,
1055 4033 1109 4080 Vel.
1119 4033 1186 4078 Max.
1198 4033 1252 4087 tx,
1266 4047 1288 4089 7.

269 4123 325 4170 vide
338 4121 369 4168 sd
379 4121 431 4165 Liv.
441 4119 480 4175 ll,
496 4125 537 4174 41,
556 4117 716 4174 13,eth1,
732 4130 776 4173 no,
862 4132 885 4175 7.
901 4115 973 4162 Pulso
991 4112 1155 4177 M’.Aqai11io
1175 4113 1266 4176 legato,
1281 4110 1319 4172 qui
