<?xml version="1.0" encoding="UTF-8"?>
<!DOCTYPE html PUBLIC "-//W3C//DTD XHTML 1.0 Transitional//EN"
    "http://www.w3.org/TR/xhtml1/DTD/xhtml1-transitional.dtd">
<html xmlns="http://www.w3.org/1999/xhtml" xml:lang="en" lang="en">
 <head>
  <title>
</title>
<meta http-equiv="Content-Type" content="text/html;charset=utf-8" />
  <meta name='ocr-system' content='tesseract 3.04.00' />
  <meta name='ocr-capabilities' content='ocr_page ocr_carea ocr_par ocr_line ocrx_word'/>
</head>
<body>
  <div class='ocr_page' id='page_1' title='image "./titusliviuspata02freigoog_0423.png"; bbox 0 0 2976 4712; ppageno 0'>
   <div class='ocr_carea' id='block_1_1' title="bbox 251 367 918 456">
    <p class='ocr_par' dir='ltr' id='par_1_1' title="bbox 251 367 918 456">
     <span class='ocr_line' id='line_1_1' title="bbox 251 367 918 456; baseline -0.009 -16"><span class='ocrx_word' id='word_1_1' title='bbox 251 373 322 456; x_wconf 69' lang='lat'><strong>414</strong></span> <span class='ocrx_word' id='word_1_2' title='bbox 569 431 572 437; x_wconf 88' lang='grc'>,</span> <span class='ocrx_word' id='word_1_3' title='bbox 668 367 918 436; x_wconf 74' lang='lat' dir='ltr'><strong>nrrroua</strong></span> 
     </span>
    </p>
   </div>
   <div class='ocr_carea' id='block_1_2' title="bbox 238 486 1326 2016">
    <p class='ocr_par' dir='ltr' id='par_1_2' title="bbox 238 486 1326 2016">
     <span class='ocr_line' id='line_1_2' title="bbox 252 486 1325 589; baseline -0.002 -27"><span class='ocrx_word' id='word_1_4' title='bbox 252 504 401 589; x_wconf 89' lang='lat' dir='ltr'><strong>propter</strong></span> <span class='ocrx_word' id='word_1_5' title='bbox 420 489 700 586; x_wconf 85' lang='lat' dir='ltr'><strong>descriptionem</strong></span> <span class='ocrx_word' id='word_1_6' title='bbox 718 488 907 559; x_wconf 86' lang='lat' dir='ltr'><strong>consilium</strong></span> <span class='ocrx_word' id='word_1_7' title='bbox 929 486 973 558; x_wconf 91' lang='lat' dir='ltr'><strong>de</strong></span> <span class='ocrx_word' id='word_1_8' title='bbox 992 489 1230 586; x_wconf 86' lang='lat' dir='ltr'><strong>relinquenda</strong></span> <span class='ocrx_word' id='word_1_9' title='bbox 1251 493 1325 560; x_wconf 86' lang='lat' dir='ltr'><strong>lta-</strong></span> 
     </span>
     <span class='ocr_line' id='line_1_3' title="bbox 253 597 1324 695; baseline -0.003 -24"><span class='ocrx_word' id='word_1_10' title='bbox 253 602 300 672; x_wconf 90' lang='lat' dir='ltr'><strong>lia</strong></span> <span class='ocrx_word' id='word_1_11' title='bbox 324 601 496 684; x_wconf 85' lang='lat' dir='ltr'><strong>iniretur,</strong></span> <span class='ocrx_word' id='word_1_12' title='bbox 524 605 561 671; x_wconf 87' lang='lat' dir='ltr'><strong>P.</strong></span> <span class='ocrx_word' id='word_1_13' title='bbox 589 599 778 670; x_wconf 89' lang='lat' dir='ltr'><strong>Cornelius</strong></span> <span class='ocrx_word' id='word_1_14' title='bbox 810 599 929 695; x_wconf 87' lang='lat' dir='ltr'>Scipio</span> <span class='ocrx_word' id='word_1_15' title='bbox 954 597 1123 668; x_wconf 87' lang='lat' dir='ltr'><strong>tribunus</strong></span> <span class='ocrx_word' id='word_1_16' title='bbox 1148 600 1324 685; x_wconf 89' lang='lat' dir='ltr'><strong>militum,</strong></span> 
     </span>
     <span class='ocr_line' id='line_1_4' title="bbox 254 707 1326 810; baseline -0.005 -28"><span class='ocrx_word' id='word_1_17' title='bbox 254 715 318 810; x_wconf 91' lang='lat' dir='ltr'><strong>qui</strong></span> <span class='ocrx_word' id='word_1_18' title='bbox 346 725 471 808; x_wconf 87' lang='lat' dir='ltr'><strong>postea</strong></span> <span class='ocrx_word' id='word_1_19' title='bbox 497 707 683 780; x_wconf 81' lang='lat' dir='ltr'><strong>Africanus</strong></span> <span class='ocrx_word' id='word_1_20' title='bbox 711 717 941 804; x_wconf 86' lang='lat' dir='ltr'><strong>nuncupatus</strong></span> <span class='ocrx_word' id='word_1_21' title='bbox 965 721 1040 796; x_wconf 88' lang='lat' dir='ltr'><strong>est,</strong></span> <span class='ocrx_word' id='word_1_22' title='bbox 1068 710 1191 778; x_wconf 87' lang='lat' dir='ltr'><strong>stricto</strong></span> <span class='ocrx_word' id='word_1_23' title='bbox 1215 731 1326 806; x_wconf 89' lang='lat' dir='ltr'><strong>super</strong></span> 
     </span>
     <span class='ocr_line' id='line_1_5' title="bbox 255 817 1324 920; baseline -0.005 -26"><span class='ocrx_word' id='word_1_24' title='bbox 255 823 370 920; x_wconf 86' lang='lat' dir='ltr'><strong>capita</strong></span> <span class='ocrx_word' id='word_1_25' title='bbox 386 819 665 895; x_wconf 85' lang='lat' dir='ltr'><strong>deliberantium</strong></span> <span class='ocrx_word' id='word_1_26' title='bbox 683 817 801 905; x_wconf 86' lang='lat' dir='ltr'><strong>ferro,</strong></span> <span class='ocrx_word' id='word_1_27' title='bbox 817 819 966 912; x_wconf 86' lang='lat' dir='ltr'><strong>juravit,</strong></span> <span class='ocrx_word' id='word_1_28' title='bbox 982 823 1022 888; x_wconf 82' lang='lat' dir='ltr'><strong>se</strong></span> <span class='ocrx_word' id='word_1_29' title='bbox 1043 840 1111 915; x_wconf 92' lang='lat' dir='ltr'><strong>pro</strong></span> <span class='ocrx_word' id='word_1_30' title='bbox 1132 817 1236 889; x_wconf 89' lang='lat' dir='ltr'><strong>hoste</strong></span> <span class='ocrx_word' id='word_1_31' title='bbox 1259 819 1324 889; x_wconf 87' lang='lat' dir='ltr'><strong>ba·</strong></span> 
     </span>
     <span class='ocr_line' id='line_1_6' title="bbox 238 925 1324 1026; baseline -0.004 -24"><span class='ocrx_word' id='word_1_32' title='bbox 238 932 417 1004; x_wconf 90' lang='lat' dir='ltr'><strong>&#39;biturum</strong></span> <span class='ocrx_word' id='word_1_33' title='bbox 437 955 538 1017; x_wconf 87' lang='lat' dir='ltr'><strong>eum,</strong></span> <span class='ocrx_word' id='word_1_34' title='bbox 557 930 621 1026; x_wconf 92' lang='lat' dir='ltr'><strong>qni</strong></span> <span class='ocrx_word' id='word_1_35' title='bbox 640 931 678 998; x_wconf 91' lang='lat' dir='ltr'><strong>in</strong></span> <span class='ocrx_word' id='word_1_36' title='bbox 701 927 810 1000; x_wconf 88' lang='lat' dir='ltr'><strong>verba</strong></span> <span class='ocrx_word' id='word_1_37' title='bbox 826 953 890 999; x_wconf 88' lang='lat' dir='ltr'><strong>sna</strong></span> <span class='ocrx_word' id='word_1_38' title='bbox 906 953 982 998; x_wconf 90' lang='lat' dir='ltr'><strong>non</strong></span> <span class='ocrx_word' id='word_1_39' title='bbox 996 928 1170 1022; x_wconf 90' lang='lat' dir='ltr'><strong>jurasset;</strong></span> <span class='ocrx_word' id='word_1_40' title='bbox 1189 925 1324 999; x_wconf 80' lang='lat' dir='ltr'><strong>effecit·</strong></span> 
     </span>
     <span class='ocr_line' id='line_1_7' title="bbox 254 1037 1324 1140; baseline -0.005 -26"><span class='ocrx_word' id='word_1_41' title='bbox 254 1066 343 1140; x_wconf 92' lang='lat' dir='ltr'><strong>que,</strong></span> <span class='ocrx_word' id='word_1_42' title='bbox 365 1055 406 1112; x_wconf 92' lang='lat' dir='ltr'><strong>ut</strong></span> <span class='ocrx_word' id='word_1_43' title='bbox 423 1064 549 1110; x_wconf 89' lang='lat' dir='ltr'><strong>omues</strong></span> <span class='ocrx_word' id='word_1_44' title='bbox 570 1040 717 1108; x_wconf 88' lang='lat' dir='ltr'><strong>minime</strong></span> <span class='ocrx_word' id='word_1_45' title='bbox 740 1038 906 1109; x_wconf 85' lang='lat' dir='ltr'><strong>relictum</strong></span> <span class='ocrx_word' id='word_1_46' title='bbox 926 1041 969 1108; x_wconf 89' lang='lat' dir='ltr'><strong>iri</strong></span> <span class='ocrx_word' id='word_1_47' title='bbox 986 1065 1005 1108; x_wconf 89' lang='lat' dir='ltr'><strong>a</strong></span> <span class='ocrx_word' id='word_1_48' title='bbox 1022 1063 1059 1109; x_wconf 91' lang='lat' dir='ltr'><strong>se</strong></span> <span class='ocrx_word' id='word_1_49' title='bbox 1080 1037 1218 1110; x_wconf 83' lang='lat' dir='ltr'><strong>Italiam</strong></span> <span class='ocrx_word' id='word_1_50' title='bbox 1229 1039 1324 1134; x_wconf 90' lang='lat' dir='ltr'><strong>jure-</strong></span> 
     </span>
     <span class='ocr_line' id='line_1_8' title="bbox 250 1147 1322 1247; baseline -0.003 -26"><span class='ocrx_word' id='word_1_51' title='bbox 250 1150 409 1246; x_wconf 85' lang='lat' dir='ltr'><strong>jurando</strong></span> <span class='ocrx_word' id='word_1_52' title='bbox 420 1148 736 1246; x_wconf 85' lang='lat' dir='ltr'><strong>adstringerentnr.</strong></span> <span class='ocrx_word' id='word_1_53' title='bbox 746 1153 920 1220; x_wconf 83' lang='lat' dir='ltr'><strong>Praeterea</strong></span> <span class='ocrx_word' id='word_1_54' title='bbox 928 1148 1204 1247; x_wconf 88' lang='lat' dir='ltr'><strong>trepidationem</strong></span> <span class='ocrx_word' id='word_1_55' title='bbox 1214 1147 1322 1220; x_wconf 85' lang='lat' dir='ltr'>Urbis</span> 
     </span>
     <span class='ocr_line' id='line_1_9' title="bbox 254 1258 1322 1355; baseline -0.004 -23"><span class='ocrx_word' id='word_1_56' title='bbox 254 1276 289 1332; x_wconf 89' lang='lat' dir='ltr'><strong>et</strong></span> <span class='ocrx_word' id='word_1_57' title='bbox 310 1262 470 1346; x_wconf 82' lang='lat' dir='ltr'><strong>luctum,</strong></span> <span class='ocrx_word' id='word_1_58' title='bbox 493 1275 529 1330; x_wconf 91' lang='lat' dir='ltr'><strong>et</strong></span> <span class='ocrx_word' id='word_1_59' title='bbox 551 1259 666 1334; x_wconf 90' lang='lat' dir='ltr'><strong>resin</strong></span> <span class='ocrx_word' id='word_1_60' title='bbox 689 1258 858 1355; x_wconf 82' lang='lat' dir='ltr'><strong>Hispania</strong></span> <span class='ocrx_word' id='word_1_61' title='bbox 882 1258 1030 1328; x_wconf 91' lang='lat' dir='ltr'><strong>meliore</strong></span> <span class='ocrx_word' id='word_1_62' title='bbox 1054 1273 1186 1329; x_wconf 88' lang='lat' dir='ltr'><strong>eventu</strong></span> <span class='ocrx_word' id='word_1_63' title='bbox 1208 1271 1322 1354; x_wconf 82' lang='lat' dir='ltr'><strong>gestas</strong></span> 
     </span>
     <span class='ocr_line' id='line_1_10' title="bbox 254 1355 1321 1466; baseline -0.004 -24"><span class='ocrx_word' id='word_1_64' title='bbox 254 1371 426 1442; x_wconf 86' lang='lat' dir='ltr'><strong>continet.</strong></span> <span class='ocrx_word' id='word_1_65' title='bbox 454 1369 599 1466; x_wconf 86' lang='lat' dir='ltr'><strong>Opimia</strong></span> <span class='ocrx_word' id='word_1_66' title='bbox 621 1381 657 1439; x_wconf 89' lang='lat' dir='ltr'><strong>et</strong></span> <span class='ocrx_word' id='word_1_67' title='bbox 681 1355 869 1448; x_wconf 82' lang='lat' dir='ltr'><strong>Floronia,</strong></span> <span class='ocrx_word' id='word_1_68' title='bbox 891 1367 1049 1438; x_wconf 83' lang='lat' dir='ltr'><strong>Vestales</strong></span> <span class='ocrx_word' id='word_1_69' title='bbox 1071 1370 1249 1465; x_wconf 81' lang='lat' dir='ltr'><strong>virgines,</strong></span> <span class='ocrx_word' id='word_1_70' title='bbox 1269 1369 1321 1438; x_wconf 91' lang='lat' dir='ltr'><strong>in·</strong></span> 
     </span>
     <span class='ocr_line' id='line_1_11' title="bbox 254 1478 1320 1576; baseline -0.004 -25"><span class='ocrx_word' id='word_1_71' title='bbox 254 1481 341 1552; x_wconf 88' lang='lat' dir='ltr'><strong>cesti</strong></span> <span class='ocrx_word' id='word_1_72' title='bbox 356 1479 530 1553; x_wconf 77' lang='lat' dir='ltr'><strong>damnata</strong></span> <span class='ocrx_word' id='word_1_73' title='bbox 550 1493 644 1549; x_wconf 87' lang='lat' dir='ltr'><strong>sunt.</strong></span> <span class='ocrx_word' id='word_1_74' title='bbox 666 1483 821 1576; x_wconf 83' lang='lat' dir='ltr'>Propter.</span> <span class='ocrx_word' id='word_1_75' title='bbox 835 1479 1053 1575; x_wconf 80' lang='lat' dir='ltr'><strong>paucitatem</strong></span> <span class='ocrx_word' id='word_1_76' title='bbox 1067 1502 1152 1549; x_wconf 85' lang='lat' dir='ltr'><strong>vero</strong></span> <span class='ocrx_word' id='word_1_77' title='bbox 1167 1478 1320 1548; x_wconf 89' lang='lat' dir='ltr'><strong>militum</strong></span> 
     </span>
     <span class='ocr_line' id='line_1_12' title="bbox 254 1589 1319 1686; baseline -0.003 -26"><span class='ocrx_word' id='word_1_78' title='bbox 254 1613 440 1662; x_wconf 90' lang='lat' dir='ltr'><strong>servorum</strong></span> <span class='ocrx_word' id='word_1_79' title='bbox 455 1604 538 1660; x_wconf 90' lang='lat' dir='ltr'><strong>octo</strong></span> <span class='ocrx_word' id='word_1_80' title='bbox 556 1589 668 1660; x_wconf 87' lang='lat' dir='ltr'><strong>millia</strong></span> <span class='ocrx_word' id='word_1_81' title='bbox 686 1602 822 1660; x_wconf 84' lang='lat' dir='ltr'><strong>armata</strong></span> <span class='ocrx_word' id='word_1_82' title='bbox 833 1604 931 1658; x_wconf 87' lang='lat' dir='ltr'><strong>sunt.</strong></span> <span class='ocrx_word' id='word_1_83' title='bbox 949 1590 1105 1686; x_wconf 86' lang='lat' dir='ltr'><strong>Captivi,</strong></span> <span class='ocrx_word' id='word_1_84' title='bbox 1125 1613 1240 1686; x_wconf 90' lang='lat' dir='ltr'><strong>quum</strong></span> <span class='ocrx_word' id='word_1_85' title='bbox 1254 1613 1319 1686; x_wconf 91' lang='lat' dir='ltr'><strong>po-</strong></span> 
     </span>
     <span class='ocr_line' id='line_1_13' title="bbox 255 1698 1319 1795; baseline -0.006 -23"><span class='ocrx_word' id='word_1_86' title='bbox 255 1716 361 1772; x_wconf 88' lang='lat' dir='ltr'><strong>testas</strong></span> <span class='ocrx_word' id='word_1_87' title='bbox 386 1715 476 1771; x_wconf 88' lang='lat' dir='ltr'><strong>esset</strong></span> <span class='ocrx_word' id='word_1_88' title='bbox 497 1698 718 1788; x_wconf 81' lang='lat' dir='ltr'><strong>redimendi,</strong></span> <span class='ocrx_word' id='word_1_89' title='bbox 746 1698 926 1795; x_wconf 85' lang='lat' dir='ltr'><strong>redempti</strong></span> <span class='ocrx_word' id='word_1_90' title='bbox 954 1723 1028 1768; x_wconf 94' lang='lat' dir='ltr'><strong>non</strong></span> <span class='ocrx_word' id='word_1_91' title='bbox 1050 1711 1144 1770; x_wconf 83' lang='lat' dir='ltr'><strong>sunt.</strong></span> <span class='ocrx_word' id='word_1_92' title='bbox 1166 1700 1319 1768; x_wconf 88' lang='lat' dir='ltr'><strong>Varroni</strong></span> 
     </span>
     <span class='ocr_line' id='line_1_14' title="bbox 255 1807 1320 1907; baseline -0.001 -28"><span class='ocrx_word' id='word_1_93' title='bbox 255 1808 399 1879; x_wconf 85' lang='lat' dir='ltr'><strong>obviam</strong></span> <span class='ocrx_word' id='word_1_94' title='bbox 416 1812 508 1880; x_wconf 85' lang='lat' dir='ltr'><strong>itum</strong></span> <span class='ocrx_word' id='word_1_95' title='bbox 530 1824 604 1895; x_wconf 89' lang='lat' dir='ltr'><strong>est,</strong></span> <span class='ocrx_word' id='word_1_96' title='bbox 625 1825 661 1880; x_wconf 90' lang='lat' dir='ltr'><strong>et</strong></span> <span class='ocrx_word' id='word_1_97' title='bbox 682 1809 801 1907; x_wconf 78' lang='lat' dir='ltr'><strong>gratiae</strong></span> <span class='ocrx_word' id='word_1_98' title='bbox 823 1823 927 1894; x_wconf 79' lang='lat' dir='ltr'><strong>acta,</strong></span> <span class='ocrx_word' id='word_1_99' title='bbox 951 1807 1053 1903; x_wconf 89' lang='lat' dir='ltr'><strong>quod</strong></span> <span class='ocrx_word' id='word_1_100' title='bbox 1071 1807 1116 1880; x_wconf 92' lang='lat' dir='ltr'><strong>de</strong></span> <span class='ocrx_word' id='word_1_101' title='bbox 1136 1807 1320 1905; x_wconf 83' lang='lat' dir='ltr'><strong>republica</strong></span> 
     </span>
     <span class='ocr_line' id='line_1_15' title="bbox 256 1901 755 2016; baseline 0.002 -26"><span class='ocrx_word' id='word_1_102' title='bbox 256 1943 331 1991; x_wconf 91' lang='lat' dir='ltr'><strong>non</strong></span> <span class='ocrx_word' id='word_1_103' title='bbox 350 1919 582 2016; x_wconf 87' lang='lat' dir='ltr'><strong>desperasset.</strong></span> <span class='ocrx_word' id='word_1_104' title='bbox 749 1901 755 1922; x_wconf 61' lang='lat'>⁵</span> 
     </span>
    </p>
   </div>
   <div class='ocr_carea' id='block_1_3' title="bbox 505 2152 1078 2261">
    <p class='ocr_par' dir='ltr' id='par_1_3' title="bbox 505 2152 1078 2261">
     <span class='ocr_line' id='line_1_16' title="bbox 505 2152 1078 2261; baseline -0.009 -20"><span class='ocrx_word' id='word_1_105' title='bbox 505 2173 733 2261; x_wconf 71' lang='lat' dir='ltr'><strong>retroue</strong></span> <span class='ocrx_word' id='word_1_106' title='bbox 765 2173 903 2238; x_wconf 47' lang='lat' dir='ltr'><strong>rtrum</strong></span> <span class='ocrx_word' id='word_1_107' title='bbox 931 2152 1078 2238; x_wconf 79' lang='lat' dir='ltr'><strong>&#39;xxm</strong></span> 
     </span>
    </p>
   </div>
   <div class='ocr_carea' id='block_1_4' title="bbox 158 2390 1382 3918">
    <p class='ocr_par' dir='ltr' id='par_1_4' title="bbox 158 2390 1382 3918">
     <span class='ocr_line' id='line_1_17' title="bbox 306 2390 1319 2491; baseline -0.003 -27"><span class='ocrx_word' id='word_1_108' title='bbox 306 2394 477 2491; x_wconf 87' lang='lat' dir='ltr'><strong>Campani</strong></span> <span class='ocrx_word' id='word_1_109' title='bbox 495 2392 541 2462; x_wconf 88' lang='lat' dir='ltr'><strong>ad</strong></span> <span class='ocrx_word' id='word_1_110' title='bbox 558 2391 796 2463; x_wconf 86' lang='lat' dir='ltr'><strong>Hannibalem</strong></span> <span class='ocrx_word' id='word_1_111' title='bbox 814 2390 1034 2463; x_wconf 87' lang='lat' dir='ltr'><strong>defecerunt.</strong></span> <span class='ocrx_word' id='word_1_112' title='bbox 1051 2393 1208 2464; x_wconf 84' lang='lat' dir='ltr'><strong>Nuntius</strong></span> <span class='ocrx_word' id='word_1_113' title='bbox 1229 2393 1319 2461; x_wconf 86' lang='lat' dir='ltr'><strong>Can-</strong></span> 
     </span>
     <span class='ocr_line' id='line_1_18' title="bbox 257 2491 1320 2600; baseline -0.001 -27"><span class='ocrx_word' id='word_1_114' title='bbox 257 2491 377 2573; x_wconf 80' lang='lat' dir='ltr'><strong>nensis</strong></span> <span class='ocrx_word' id='word_1_115' title='bbox 392 2503 546 2573; x_wconf 85' lang='lat' dir='ltr'><strong>victoriae</strong></span> <span class='ocrx_word' id='word_1_116' title='bbox 562 2505 667 2598; x_wconf 82' lang='lat' dir='ltr'><strong>Mago</strong></span> <span class='ocrx_word' id='word_1_117' title='bbox 685 2501 936 2600; x_wconf 85' lang='lat' dir='ltr'><strong>Carthaginem</strong></span> <span class='ocrx_word' id='word_1_118' title='bbox 952 2503 1081 2574; x_wconf 89' lang='lat' dir='ltr'><strong>missus</strong></span> <span class='ocrx_word' id='word_1_119' title='bbox 1095 2501 1249 2573; x_wconf 85' lang='lat' dir='ltr'><strong>annulos</strong></span> <span class='ocrx_word' id='word_1_120' title='bbox 1262 2527 1320 2572; x_wconf 88' lang='lat' dir='ltr'><strong>an·</strong></span> 
     </span>
     <span class='ocr_line' id='line_1_19' title="bbox 256 2610 1321 2711; baseline -0.003 -27"><span class='ocrx_word' id='word_1_121' title='bbox 256 2637 357 2700; x_wconf 82' lang='lat' dir='ltr'><strong>reos,</strong></span> <span class='ocrx_word' id='word_1_122' title='bbox 382 2638 401 2683; x_wconf 91' lang='lat' dir='ltr'><strong>a</strong></span> <span class='ocrx_word' id='word_1_123' title='bbox 427 2610 546 2711; x_wconf 84' lang='lat' dir='ltr'><strong>digitis</strong></span> <span class='ocrx_word' id='word_1_124' title='bbox 570 2612 772 2683; x_wconf 90' lang='lat' dir='ltr'><strong>occisorum</strong></span> <span class='ocrx_word' id='word_1_125' title='bbox 795 2617 1039 2683; x_wconf 89' lang='lat' dir='ltr'><strong>Romanorum</strong></span> <span class='ocrx_word' id='word_1_126' title='bbox 1062 2611 1262 2696; x_wconf 83' lang='lat' dir='ltr'><strong>detractos,</strong></span> <span class='ocrx_word' id='word_1_127' title='bbox 1282 2614 1321 2681; x_wconf 89' lang='lat' dir='ltr'><strong>in</strong></span> 
     </span>
     <span class='ocr_line' id='line_1_20' title="bbox 158 2721 1320 2820; baseline -0.003 -26"><span class='ocrx_word' id='word_1_128' title='bbox 158 2810 160 2814; x_wconf 23' lang='grc' dir='ltr'>Ι</span> <span class='ocrx_word' id='word_1_129' title='bbox 219 2724 224 2732; x_wconf 72' lang='grc'><strong>“</strong></span> <span class='ocrx_word' id='word_1_130' title='bbox 256 2723 433 2796; x_wconf 87' lang='lat' dir='ltr'><strong>vestibulo</strong></span> <span class='ocrx_word' id='word_1_131' title='bbox 455 2725 562 2794; x_wconf 84' lang='lat' dir='ltr'><strong>curiae</strong></span> <span class='ocrx_word' id='word_1_132' title='bbox 585 2721 734 2794; x_wconf 82' lang='lat' dir='ltr'><strong>effudit:</strong></span> <span class='ocrx_word' id='word_1_133' title='bbox 760 2749 852 2820; x_wconf 91' lang='lat' dir='ltr'><strong>quos</strong></span> <span class='ocrx_word' id='word_1_134' title='bbox 873 2722 1063 2794; x_wconf 87' lang='lat' dir='ltr'><strong>excessisse</strong></span> <span class='ocrx_word' id='word_1_135' title='bbox 1085 2721 1200 2794; x_wconf 90' lang='lat' dir='ltr'><strong>modii</strong></span> <span class='ocrx_word' id='word_1_136' title='bbox 1218 2745 1320 2792; x_wconf 88' lang='lat' dir='ltr'><strong>meu-</strong></span> 
     </span>
     <span class='ocr_line' id='line_1_21' title="bbox 256 2833 1320 2932; baseline -0.005 -28"><span class='ocrx_word' id='word_1_137' title='bbox 256 2845 398 2905; x_wconf 87' lang='lat' dir='ltr'><strong>suram¹</strong></span> <span class='ocrx_word' id='word_1_138' title='bbox 421 2833 585 2904; x_wconf 87' lang='lat' dir='ltr'><strong>traditur.</strong></span> <span class='ocrx_word' id='word_1_139' title='bbox 609 2838 692 2904; x_wconf 91' lang='lat' dir='ltr'><strong>Post</strong></span> <span class='ocrx_word' id='word_1_140' title='bbox 712 2857 823 2932; x_wconf 89' lang='lat' dir='ltr'><strong>quem</strong></span> <span class='ocrx_word' id='word_1_141' title='bbox 842 2834 1011 2904; x_wconf 90' lang='lat' dir='ltr'><strong>nuntium</strong></span> <span class='ocrx_word' id='word_1_142' title='bbox 1029 2836 1179 2919; x_wconf 88' lang='lat' dir='ltr'><strong>Hanno,</strong></span> <span class='ocrx_word' id='word_1_143' title='bbox 1201 2833 1255 2900; x_wconf 93' lang='lat' dir='ltr'><strong>vir</strong></span> <span class='ocrx_word' id='word_1_144' title='bbox 1277 2856 1320 2901; x_wconf 89' lang='lat' dir='ltr'><strong>ex</strong></span> 
     </span>
     <span class='ocr_line' id='line_1_22' title="bbox 255 2943 1320 3041; baseline -0.003 -27"><span class='ocrx_word' id='word_1_145' title='bbox 255 2945 375 3016; x_wconf 84' lang='lat' dir='ltr'><strong>Poenis</strong></span> <span class='ocrx_word' id='word_1_146' title='bbox 400 2943 662 3032; x_wconf 85' lang='lat' dir='ltr'><strong>nobilissimus,</strong></span> <span class='ocrx_word' id='word_1_147' title='bbox 689 2943 863 3015; x_wconf 88' lang='lat' dir='ltr'><strong>suadebat</strong></span> <span class='ocrx_word' id='word_1_148' title='bbox 889 2944 1027 3015; x_wconf 90' lang='lat' dir='ltr'><strong>senatui</strong></span> <span class='ocrx_word' id='word_1_149' title='bbox 1054 2943 1320 3041; x_wconf 85' lang='lat' dir='ltr'><strong>Carthaginien·</strong></span> 
     </span>
     <span class='ocr_line' id='line_1_23' title="bbox 257 3055 1322 3162; baseline -0.003 -37"><span class='ocrx_word' id='word_1_150' title='bbox 257 3058 367 3143; x_wconf 89' lang='lat' dir='ltr'><strong>sium,</strong></span> <span class='ocrx_word' id='word_1_151' title='bbox 389 3069 428 3124; x_wconf 90' lang='lat' dir='ltr'><strong>ut</strong></span> <span class='ocrx_word' id='word_1_152' title='bbox 450 3077 582 3162; x_wconf 32' lang='lat' dir='ltr'><strong>pacem.</strong></span> <span class='ocrx_word' id='word_1_153' title='bbox 600 3079 621 3123; x_wconf 88' lang='lat' dir='ltr'><strong>a</strong></span> <span class='ocrx_word' id='word_1_154' title='bbox 641 3055 779 3152; x_wconf 90' lang='lat' dir='ltr'><strong>populo</strong></span> <span class='ocrx_word' id='word_1_155' title='bbox 799 3078 952 3124; x_wconf 90' lang='lat' dir='ltr'><strong>romano</strong></span> <span class='ocrx_word' id='word_1_156' title='bbox 974 3068 1161 3152; x_wconf 86' lang='lat' dir='ltr'><strong>peterent:</strong></span> <span class='ocrx_word' id='word_1_157' title='bbox 1182 3077 1249 3124; x_wconf 89' lang='lat' dir='ltr'><strong>nec</strong></span> <span class='ocrx_word' id='word_1_158' title='bbox 1267 3068 1322 3122; x_wconf 89' lang='lat' dir='ltr'><strong>te·</strong></span> 
     </span>
     <span class='ocr_line' id='line_1_24' title="bbox 256 3161 1322 3262; baseline 0.003 -32"><span class='ocrx_word' id='word_1_159' title='bbox 256 3164 356 3250; x_wconf 90' lang='lat' dir='ltr'><strong>nuit,</strong></span> <span class='ocrx_word' id='word_1_160' title='bbox 380 3163 615 3262; x_wconf 86' lang='lat' dir='ltr'><strong>obstrepente</strong></span> <span class='ocrx_word' id='word_1_161' title='bbox 635 3166 781 3235; x_wconf 90' lang='lat' dir='ltr'><strong>Barcina</strong></span> <span class='ocrx_word' id='word_1_162' title='bbox 802 3163 966 3235; x_wconf 86' lang='lat' dir='ltr'><strong>factione.</strong></span> <span class='ocrx_word' id='word_1_163' title='bbox 988 3163 1159 3235; x_wconf 90' lang='lat' dir='ltr'><strong>Claudius</strong></span> <span class='ocrx_word' id='word_1_164' title='bbox 1176 3161 1322 3234; x_wconf 89' lang='lat' dir='ltr'><strong>Marcel·</strong></span> 
     </span>
     <span class='ocr_line' id='line_1_25' title="bbox 256 3271 1319 3372; baseline 0.002 -30"><span class='ocrx_word' id='word_1_165' title='bbox 256 3271 312 3342; x_wconf 93' lang='lat' dir='ltr'><strong>lus</strong></span> <span class='ocrx_word' id='word_1_166' title='bbox 330 3289 462 3370; x_wconf 86' lang='lat' dir='ltr'><strong>praetor</strong></span> <span class='ocrx_word' id='word_1_167' title='bbox 475 3275 519 3344; x_wconf 91' lang='lat' dir='ltr'><strong>ad</strong></span> <span class='ocrx_word' id='word_1_168' title='bbox 536 3276 682 3363; x_wconf 87' lang='lat' dir='ltr'><strong>Nolam,</strong></span> <span class='ocrx_word' id='word_1_169' title='bbox 702 3276 891 3372; x_wconf 84' lang='lat' dir='ltr'><strong>eruptione</strong></span> <span class='ocrx_word' id='word_1_170' title='bbox 905 3275 1074 3348; x_wconf 88' lang='lat' dir='ltr'><strong>adversus</strong></span> <span class='ocrx_word' id='word_1_171' title='bbox 1087 3273 1319 3346; x_wconf 89' lang='lat' dir='ltr'><strong>Hannibalem</strong></span> 
     </span>
     <span class='ocr_line' id='line_1_26' title="bbox 256 3382 1320 3482; baseline 0 -30"><span class='ocrx_word' id='word_1_172' title='bbox 256 3407 300 3452; x_wconf 88' lang='lat' dir='ltr'><strong>ex</strong></span> <span class='ocrx_word' id='word_1_173' title='bbox 323 3383 458 3481; x_wconf 90' lang='lat' dir='ltr'><strong>oppido</strong></span> <span class='ocrx_word' id='word_1_174' title='bbox 477 3382 590 3468; x_wconf 86' lang='lat' dir='ltr'><strong>sacta,</strong></span> <span class='ocrx_word' id='word_1_175' title='bbox 614 3409 786 3482; x_wconf 88' lang='lat' dir='ltr'><strong>prospere</strong></span> <span class='ocrx_word' id='word_1_176' title='bbox 811 3387 993 3482; x_wconf 84' lang='lat' dir='ltr'><strong>pugnavit.</strong></span> <span class='ocrx_word' id='word_1_177' title='bbox 1018 3385 1204 3456; x_wconf 85' lang='lat' dir='ltr'><strong>Exercitus</strong></span> <span class='ocrx_word' id='word_1_178' title='bbox 1226 3387 1320 3453; x_wconf 88' lang='lat' dir='ltr'><strong>Han·</strong></span> 
     </span>
     <span class='ocr_line' id='line_1_27' title="bbox 256 3491 1321 3593; baseline 0.003 -33"><span class='ocrx_word' id='word_1_179' title='bbox 256 3491 385 3562; x_wconf 87' lang='lat' dir='ltr'><strong>nibalis</strong></span> <span class='ocrx_word' id='word_1_180' title='bbox 406 3515 470 3589; x_wconf 90' lang='lat' dir='ltr'><strong>per</strong></span> <span class='ocrx_word' id='word_1_181' title='bbox 489 3491 640 3564; x_wconf 90' lang='lat' dir='ltr'><strong>hiberna</strong></span> <span class='ocrx_word' id='word_1_182' title='bbox 663 3499 794 3593; x_wconf 72' lang='lat' dir='ltr'><strong>Capuae</strong></span> <span class='ocrx_word' id='word_1_183' title='bbox 810 3496 859 3564; x_wconf 89' lang='lat' dir='ltr'><strong>ita</strong></span> <span class='ocrx_word' id='word_1_184' title='bbox 876 3494 1076 3567; x_wconf 85' lang='lat' dir='ltr'><strong>luxuriatus</strong></span> <span class='ocrx_word' id='word_1_185' title='bbox 1096 3510 1167 3580; x_wconf 89' lang='lat' dir='ltr'><strong>est,</strong></span> <span class='ocrx_word' id='word_1_186' title='bbox 1184 3509 1225 3564; x_wconf 91' lang='lat' dir='ltr'><strong>ut</strong></span> <span class='ocrx_word' id='word_1_187' title='bbox 1246 3519 1321 3564; x_wconf 90' lang='lat' dir='ltr'><strong>cor·</strong></span> 
     </span>
     <span class='ocr_line' id='line_1_28' title="bbox 256 3601 1382 3700; baseline 0.002 -30"><span class='ocrx_word' id='word_1_188' title='bbox 256 3625 388 3698; x_wconf 91' lang='lat' dir='ltr'><strong>porum</strong></span> <span class='ocrx_word' id='word_1_189' title='bbox 412 3601 546 3673; x_wconf 91' lang='lat' dir='ltr'><strong>viribus</strong></span> <span class='ocrx_word' id='word_1_190' title='bbox 574 3621 681 3700; x_wconf 87' lang='lat' dir='ltr'><strong>atque</strong></span> <span class='ocrx_word' id='word_1_191' title='bbox 705 3607 919 3686; x_wconf 65' lang='lat' dir='ltr'><strong>{mimorum¹</strong></span> <span class='ocrx_word' id='word_1_192' title='bbox 934 3620 1175 3677; x_wconf 88' lang='lat' dir='ltr'><strong>enervaretur.</strong></span> <span class='ocrx_word' id='word_1_193' title='bbox 1200 3602 1321 3674; x_wconf 88' lang='lat' dir='ltr'><strong>Casili·</strong></span> <span class='ocrx_word' id='word_1_194' title='bbox 1376 3611 1382 3624; x_wconf 73' lang='lat'><em>⁰</em></span> 
     </span>
     <span class='ocr_line' id='line_1_29' title="bbox 254 3712 1323 3808; baseline 0.004 -28"><span class='ocrx_word' id='word_1_195' title='bbox 254 3735 360 3799; x_wconf 90' lang='lat' dir='ltr'><strong>num,</strong></span> <span class='ocrx_word' id='word_1_196' title='bbox 376 3731 395 3808; x_wconf 82' lang='lat' dir='ltr'><strong>a</strong></span> <span class='ocrx_word' id='word_1_197' title='bbox 409 3714 526 3784; x_wconf 90' lang='lat' dir='ltr'><strong>Poenis</strong></span> <span class='ocrx_word' id='word_1_198' title='bbox 541 3712 746 3800; x_wconf 86' lang='lat' dir='ltr'><strong>obsessum,</strong></span> <span class='ocrx_word' id='word_1_199' title='bbox 761 3717 810 3784; x_wconf 85' lang='lat' dir='ltr'><strong>ita</strong></span> <span class='ocrx_word' id='word_1_200' title='bbox 824 3713 915 3786; x_wconf 81' lang='lat' dir='ltr'><strong>fame</strong></span> <span class='ocrx_word' id='word_1_201' title='bbox 929 3731 1096 3786; x_wconf 85' lang='lat' dir='ltr'><strong>vexatum</strong></span> <span class='ocrx_word' id='word_1_202' title='bbox 1110 3730 1179 3801; x_wconf 87' lang='lat' dir='ltr'><strong>est,</strong></span> <span class='ocrx_word' id='word_1_203' title='bbox 1193 3729 1235 3785; x_wconf 91' lang='lat' dir='ltr'><strong>ut</strong></span> <span class='ocrx_word' id='word_1_204' title='bbox 1246 3715 1323 3784; x_wconf 89' lang='lat' dir='ltr'><strong>lora</strong></span> 
     </span>
     <span class='ocr_line' id='line_1_30' title="bbox 254 3822 1323 3918; baseline 0.004 -28"><span class='ocrx_word' id='word_1_205' title='bbox 254 3836 290 3890; x_wconf 93' lang='lat' dir='ltr'><strong>et</strong></span> <span class='ocrx_word' id='word_1_206' title='bbox 308 3822 424 3918; x_wconf 68' lang='lat' dir='ltr'><strong>pelles</strong></span> <span class='ocrx_word' id='word_1_207' title='bbox 439 3825 547 3894; x_wconf 88' lang='lat' dir='ltr'><strong>scutis</strong></span> <span class='ocrx_word' id='word_1_208' title='bbox 567 3823 760 3912; x_wconf 87' lang='lat' dir='ltr'><strong>detractas,</strong></span> <span class='ocrx_word' id='word_1_209' title='bbox 778 3827 865 3896; x_wconf 90' lang='lat' dir='ltr'><strong>item</strong></span> <span class='ocrx_word' id='word_1_210' title='bbox 884 3850 1023 3909; x_wconf 87' lang='lat' dir='ltr'><strong>mures,</strong></span> <span class='ocrx_word' id='word_1_211' title='bbox 1046 3839 1183 3910; x_wconf 91' lang='lat' dir='ltr'><strong>essent;</strong></span> <span class='ocrx_word' id='word_1_212' title='bbox 1202 3840 1238 3894; x_wconf 90' lang='lat' dir='ltr'><strong>et</strong></span> <span class='ocrx_word' id='word_1_213' title='bbox 1258 3849 1323 3894; x_wconf 91' lang='lat' dir='ltr'><strong>nu-</strong></span> 
     </span>
    </p>
   </div>
   <div class='ocr_carea' id='block_1_5' title="bbox 257 4017 1321 4190">
    <p class='ocr_par' dir='ltr' id='par_1_5' title="bbox 257 4017 1321 4190">
     <span class='ocr_line' id='line_1_31' title="bbox 291 4017 1321 4115; baseline 0.007 -23"><span class='ocrx_word' id='word_1_214' title='bbox 291 4047 360 4093; x_wconf 83' lang='lat' dir='ltr'><strong>Errr.</strong></span> <span class='ocrx_word' id='word_1_215' title='bbox 379 4050 473 4097; x_wconf 76' lang='lat' dir='ltr'><strong>xxltl.</strong></span> <span class='ocrx_word' id='word_1_216' title='bbox 498 4065 519 4098; x_wconf 82' lang='grc' dir='ltr'><strong>ι.</strong></span> <span class='ocrx_word' id='word_1_217' title='bbox 538 4051 676 4100; x_wconf 69' lang='lat' dir='ltr'><strong>Excessum</strong></span> <span class='ocrx_word' id='word_1_218' title='bbox 691 4052 768 4099; x_wconf 80' lang='lat' dir='ltr'><strong>rnodii</strong></span> <span class='ocrx_word' id='word_1_219' title='bbox 811 4068 837 4098; x_wconf 87' lang='lat' dir='ltr'><strong>n.</strong></span> <span class='ocrx_word' id='word_1_220' title='bbox 850 4054 980 4100; x_wconf 75' lang='lat' dir='ltr'><strong>r.-Noc</strong></span> <span class='ocrx_word' id='word_1_221' title='bbox 993 4052 1084 4109; x_wconf 70' lang='lat' dir='ltr'><strong>traicit,</strong></span> <span class='ocrx_word' id='word_1_222' title='bbox 1102 4053 1260 4115; x_wconf 78' lang='lat' dir='ltr'><strong>obstrepente,</strong></span> <span class='ocrx_word' id='word_1_223' title='bbox 1272 4017 1321 4099; x_wconf 81' lang='lat' dir='ltr'><strong>etc.</strong></span> 
     </span>
     <span class='ocr_line' id='line_1_32' title="bbox 257 4127 1213 4190; baseline 0.006 -21"><span class='ocrx_word' id='word_1_224' title='bbox 257 4139 409 4181; x_wconf 65' lang='lat' dir='ltr'><strong>menstruam</strong></span> <span class='ocrx_word' id='word_1_225' title='bbox 427 4127 526 4174; x_wconf 73' lang='lat' dir='ltr'><strong>vidend</strong></span> <span class='ocrx_word' id='word_1_226' title='bbox 539 4129 589 4176; x_wconf 86' lang='lat' dir='ltr'><strong>Liv.</strong></span> <span class='ocrx_word' id='word_1_227' title='bbox 603 4131 705 4190; x_wconf 80' lang='lat' dir='ltr'><strong>xxm,</strong></span> <span class='ocrx_word' id='word_1_228' title='bbox 720 4147 767 4190; x_wconf 76' lang='lat' dir='ltr'><strong>ra,</strong></span> <span class='ocrx_word' id='word_1_229' title='bbox 811 4131 868 4178; x_wconf 79' lang='lat' dir='ltr'><strong>virle</strong></span> <span class='ocrx_word' id='word_1_230' title='bbox 881 4131 913 4188; x_wconf 78' lang='lat' dir='ltr'><strong>ad</strong></span> <span class='ocrx_word' id='word_1_231' title='bbox 926 4133 979 4180; x_wconf 82' lang='lat' dir='ltr'><strong>Liv.</strong></span> <span class='ocrx_word' id='word_1_232' title='bbox 991 4133 1081 4189; x_wconf 76' lang='lat' dir='ltr'><strong>xxu,</strong></span> <span class='ocrx_word' id='word_1_233' title='bbox 1096 4139 1141 4188; x_wconf 73' lang='lat' dir='ltr'><strong>la,</strong></span> <span class='ocrx_word' id='word_1_234' title='bbox 1153 4146 1177 4176; x_wconf 85' lang='lat' dir='ltr'><strong>n.</strong></span> <span class='ocrx_word' id='word_1_235' title='bbox 1188 4145 1213 4176; x_wconf 79' lang='lat' dir='ltr'><strong>a.</strong></span> 
     </span>
    </p>
   </div>
   <div class='ocr_carea' id='block_1_6' title="bbox 0 0 1497 4712">
    <p class='ocr_par' dir='ltr' id='par_1_6' title="bbox 0 0 1497 4712">
     <span class='ocr_line' id='line_1_33' title="bbox 0 0 1497 4712; baseline 0 0"><span class='ocrx_word' id='word_1_236' title='bbox 0 0 1497 4712; x_wconf 95' lang='lat' dir='ltr'><strong> </strong></span> 
     </span>
    </p>
   </div>
  </div>
 </body>
</html>
