2966 4708
512 333 788 404 LIBRORUM
817 335 957 403 LIVII.
1197 334 1261 408 551

204 449 307 541 dem,
321 455 497 524 Ameniae
512 451 670 551 regem³,
688 453 760 526 fide
778 454 860 525 data
877 455 1112 553 perductum,
1131 459 1168 529 in
1187 463 1268 532 vin·

204 561 284 632 cula
303 563 432 658 conjici
446 563 570 660 jussit,
590 589 818 663 regnumque
836 567 1012 636 Armeniae
1030 565 1106 638 filio
1122 593 1205 659 suu,
1223 596 1268 642 ex

203 670 391 770 Cleopatra
406 688 511 761 natu,
527 672 643 766 dedit3
661 699 772 773 quam
786 677 908 746 uxoris
924 674 1024 764 loen,
1041 677 1115 771 jam
1129 679 1267 777 pridem

202 795 328 879 captus
346 807 467 855 amore
484 784 580 879 ejus,
597 784 731 858 babere
745 800 913 882 coeperat.

400 1011 646 1077 EPITOME
676 1009 824 1078 LIBRI
850 1010 1062 1077 CXXXII.

247 1216 360 1286 Caesar
375 1215 413 1282 in
428 1213 571 1310 Illyrico
589 1215 767 1285 Dalmatas
781 1213 923 1284 domuit
937 1225 960 1282 ¹.
985 1217 1109 1304 Quum
1125 1217 1173 1284 M.
1190 1220 1262 1286 An·

198 1324 317 1393 tonius
336 1322 385 1395 ob
401 1348 559 1396 amorem
576 1323 808 1422 Cleopatram,
830 1348 873 1393 ex
892 1347 965 1420 qua
984 1321 1077 1394 duos
1090 1321 1184 1395 filios
1201 1324 1261 1396 ba·

197 1429 324 1523 bebat,
338 1433 610 1532 Philadelphum
624 1448 661 1505 et
670 1432 930 1521 Alexandrum,
944 1458 1063 1530 neque
1076 1436 1114 1509 in
1125 1433 1262 1505 Urbem

195 1542 319 1612 venire
334 1543 460 1632 vellet,
478 1567 614 1640 neque,
628 1543 732 1612 finito
744 1544 989 1614 triumviratus
1005 1557 1185 1641 tempore,
1201 1545 1263 1614 im·-

195 1653 337 1749 perium
351 1653 549 1752 deponere,
563 1652 775 1750 bellumque
792 1653 992 1740 moliretur,
1006 1652 1107 1750 quod
1119 1652 1210 1724 Urbi
1224 1671 1261 1729 et

194 1761 302 1832 Italiae
323 1763 490 1852 inferret,
517 1763 724 1862 ingentibus
747 1779 819 1835 tam
844 1762 1032 1846 navalibus
1053 1789 1162 1860 quam
1186 1778 1260 1835 ter-

194 1871 369 1944 restribus
388 1876 501 1972 copiis
523 1873 571 1945 ob
592 1875 663 1945 boc
676 1876 890 1962 contractis,
909 1875 1133 1970 remissoque
1152 1879 1259 1950 Oeta·

193 1983 257 2051 viae
282 1986 397 2055 sorori
427 1988 572 2058 Caesaris
598 1985 772 2083 repudio,
802 1989 917 2056 Caesar
940 1987 978 2055 in
1001 1986 1148 2082 Epirum
1172 2011 1256 2062 eum

194 2094 352 2164 exercitu
366 2096 513 2192 trajecit.
529 2101 660 2195 Pugnae
673 2096 803 2166 deinde
818 2094 960 2166 navales
972 2109 1008 2166 et
1023 2095 1143 2192 praelia
1156 2121 1259 2192 eque·

193 2203 277 2273 stria
290 2198 448 2277 secunda
464 2209 610 2279 Caesaris
625 2204 840 2278 referuntur.

191 2413 261 2468 multi
273 2414 346 2462 codd.
358 2416 401 2464 sed
413 2418 492 2476 male;
512 2418 562 2466 vid.
576 2419 698 2466 Drakenb.
744 2420 795 2479 ejus
804 2414 833 2464 -ln
843 2421 905 2466 MSS
917 2429 941 2466 et
952 2419 1025 2480 huJus
1041 2419 1106 2482 Epir.
1118 2429 1142 2466 et
1155 2419 1258 2483 scripto.

191 2493 222 2540 ad
234 2493 286 2543 Liv.
297 2495 393 2553 xalta,
412 2497 428 2542 5
438 2529 446 2554 ,
463 2497 518 2561 33.
529 2500 575 2547 En.
743 2514 798 2544 rum
809 2497 885 2546 modo
898 2497 1052 2548 laudatorum
1070 2498 1096 2544 in
1113 2499 1191 2556 varias
1206 2499 1257 2559 ior-

226 2573 250 2619 3.
264 2569 383 2619 Antonius
395 2575 557 2622 Artavasdem
569 2575 641 2640 (sorte
650 2579 698 2622 Ar·
742 2592 793 2622 mas
807 2575 937 2631 distortum
950 2577 1077 2640 reperitur.

189 2652 326 2708 ternadena
347 2651 451 2720 unt),
471 2653 594 2703 Arma
617 2669 698 2718 regem
777 2656 846 2704 Emr.
861 2655 994 2714 CXXXII.
1015 2671 1038 2702 1.
1057 2655 1141 2700 Ceasar
1156 2655 1184 2702 in.
1199 2656 1256 2716 Illy·

188 2729 321 2794 perfidum,
333 2729 546 2796 'Piganniafilium
563 2733 605 2794 qui
619 2734 698 2781 Anto·
742 2731 792 2780 rico
804 2734 837 2779 D.
852 2733 877 2780 d.
891 2733 957 2787 conf.
969 2731 1001 2778 ad
1015 2731 1080 2793 Epir.
1090 2733 1216 2792 CXXXI,
1229 2749 1254 2782 a.

187 2809 256 2858 nium
269 2810 582 2876 Parthiapmdiderat...1ia
595 2808 697 2860 vincula
778 2827 801 2858 a.
820 2811 900 2872 Quum
913 2812 950 2858 M.
964 2808 1087 2858 Antonias
1100 2811 1131 2857 ob
1145 2827 1254 2874 atrorem

187 2889 278 2954 conjici
283 2890 372 2955 jussit,
395 2905 542 2955 regnumque
560 2888 696 2954 Arta-filio
740 2889 915 2951 Cleopatrae...
943 2887 1127 2951 Pliladelolmm
1142 2891 1254 2946 etAleae-

104 3029 105 3035 ἵ
187 2985 244 3025 suo,
259 2984 293 3016 ex
309 2969 437 3035 Cleopatra
453 2979 512 3016 nato
519 3003 527 3025 ,
548 2967 617 3014 dedit
631 2983 653 3015 a.
664 2969 694 3016 U.
739 2969 845 3042 andrum
851 3001 910 3017 .....
932 2968 1015 3028 Coeaar
1029 2967 1054 3016 in
1073 2968 1175 3032 Epirum
1193 2985 1213 3030 e.
1229 2985 1251 3016 e.

190 3063 248 3108 7²0·
264 3050 336 3096 Conf.
354 3051 417 3099 Plut.
435 3051 529 3098 Anton.
543 3063 568 3110 p.
587 3049 636 3108 93²
657 3063 694 3110 sq.
738 3047 872 3112 trajecit...
890 3050 982 3112 Ragnar
995 3047 1019 3096 d.
1037 3048 1154 3108 navaloa:
1168 3063 1252 3110 quam-

188 3127 240 3188 939
253 3143 291 3191 sq.
304 3129 481 3194 Damnata,
496 3128 529 3176 25
542 3143 578 3191 sq.
591 3128 633 3185 31,
648 3127 695 3185 aa,
739 3143 811 3190 qnam
831 3128 880 3176 sere
905 3143 1000 3191 aemper
1023 3127 1074 3177 sola
1099 3127 1131 3174 ad
1152 3126 1251 3188 Aetium

187 3201 276 3267 39-41'
288 3208 299 3272 (
312 3210 356 3257 ubi
376 3209 515 3257 Armeniam
537 3205 695 3265 Alexandro,
738 3221 821 3270 pugna
830 3215 984 3264 memoretur,
997 3205 1082 3264 eodem
1092 3215 1173 3268 umen
1186 3204 1251 3270 bello

185 3285 420 3350 Cleopatrarum,
439 3287 519 3334 datam
538 3283 694 3348 dieta)‚m;
738 3285 785 3334 alia
812 3285 896 3350 praab'a
922 3285 1017 3335 navalia
1048 3283 1165 3346 acridium
1188 3283 1251 3344 bene

185 3365 292 3428 Appiam
312 3367 372 3415 Ball.
391 3366 446 3416 Gir.
465 3368 501 3423 11,
523 3381 570 3426 71,
590 3375 617 3411 st
633 3363 691 3412 bist.
738 3374 820 3412 monet
834 3363 1017 3425 Drakenborch.
1032 3364 1076 3420 aed
1089 3364 1183 3420 omnia,
1196 3377 1255 3426 quae

90 3451 92 3455 '
184 3443 268 3492 Parth.
285 3445 327 3505 ³1,
338 3447 385 3504 36,
400 3447 445 3502 38,
459 3446 508 3504 68,
522 3445 569 3507 76,
581 3445 628 3506 qt,
643 3460 692 3508 99;
735 3453 922 3509 praeostentat,
943 3442 1082 3496 obscuravit
1097 3453 1248 3506 postremum

184 3523 318 3584 Orosvl,
338 3538 382 3588 19;
401 3526 505 3590 Joaapb.
526 3525 611 3588 Anuq.
631 3525 691 3572 lud.
734 3523 795 3574 illud
811 3523 838 3572 iu
856 3521 911 3571 sinu
929 3521 1060 3577 Ambracio
1083 3521 1113 3580 ad
1134 3519 1246 3578 Actium,

184 3604 268 3660 ΚΗ
284 3619 320 3668 sq.
336 3597 414 3654 sarab.
428 3603 690 3665 x1,12‚a,x1‚1t,
735 3618 814 3666 prom
827 3599 970 3654 Acarnaniae
983 3615 1005 3648 a.
1020 3602 1052 3648 U.
1066 3601 1124 3660 723.
1137 3598 1174 3646 ct
1185 3597 1248 3660 Dio,

184 3697 214 3744 9,
225 3697 268 3742 10,
281 3683 327 3742 15,
340 3699 367 3747 p.
380 3682 448 3743 fiat,
463 3683 527 3742 530,
543 3683 602 3732 532.
612 3685 690 3730 Arta·
734 3683 829 3738 XLIX,
842 3681 971 3738 arant,
990 3679 1065 3736 1-353
1076 3679 1140 3729 Plut.
1152 3678 1247 3736 Antan.

184 3762 267 3809 aasdes
279 3761 423 3826 quibusdam
435 3762 585 3819 Artabazes,
597 3773 622 3811 et
633 3762 693 3810 Dio·
735 3779 760 3826 p.
775 3760 907 3823 ola-9473
924 3758 987 3806 Vell.
1003 3759 1040 3818 11,
1060 3756 1151 3816 82-85;
1174 3757 1248 3804 Oros.

183 3841 211 3888 ni
223 3853 327 3905 utroque
340 3841 427 3900 modo,
446 3841 543 3901 dicitur,
554 3858 691 3905 nomenque
735 3842 787 3897 vt,
806 3855 845 3900 19.
