<?xml version="1.0" encoding="UTF-8"?>
<!DOCTYPE html PUBLIC "-//W3C//DTD XHTML 1.0 Transitional//EN"
    "http://www.w3.org/TR/xhtml1/DTD/xhtml1-transitional.dtd">
<html xmlns="http://www.w3.org/1999/xhtml" xml:lang="en" lang="en">
 <head>
  <title>
</title>
<meta http-equiv="Content-Type" content="text/html;charset=utf-8" />
  <meta name='ocr-system' content='tesseract 3.04.00' />
  <meta name='ocr-capabilities' content='ocr_page ocr_carea ocr_par ocr_line ocrx_word'/>
</head>
<body>
  <div class='ocr_page' id='page_1' title='image "./titusliviuspata02freigoog_0118.png"; bbox 0 0 2982 4702; ppageno 0'>
   <div class='ocr_carea' id='block_1_1' title="bbox 132 359 1212 1702">
    <p class='ocr_par' dir='ltr' id='par_1_1' title="bbox 132 359 1212 1702">
     <span class='ocr_line' id='line_1_1' title="bbox 174 359 1207 482; baseline -0.005 -22"><span class='ocrx_word' id='word_1_1' title='bbox 174 359 304 462; x_wconf 68' lang='lat' dir='ltr'><strong>atta:</strong></span> <span class='ocrx_word' id='word_1_2' title='bbox 376 383 525 450; x_wconf 79' lang='lat' dir='ltr'><strong>nmen</strong></span> <span class='ocrx_word' id='word_1_3' title='bbox 554 383 976 452; x_wconf 65' lang='lat' dir='ltr'><strong>afflictabatur.</strong></span> <span class='ocrx_word' id='word_1_4' title='bbox 1141 409 1207 482; x_wconf 87' lang='lat'><strong>109</strong></span> 
     </span>
     <span class='ocr_line' id='line_1_2' title="bbox 146 502 1207 604; baseline 0.005 -30"><span class='ocrx_word' id='word_1_5' title='bbox 146 503 405 576; x_wconf 81' lang='lat' dir='ltr'><strong>certaminibus</strong></span> <span class='ocrx_word' id='word_1_6' title='bbox 431 502 577 576; x_wconf 84' lang='lat' dir='ltr'><strong>ludicris</strong></span> <span class='ocrx_word' id='word_1_7' title='bbox 600 504 729 600; x_wconf 82' lang='lat' dir='ltr'><strong>vulgus</strong></span> <span class='ocrx_word' id='word_1_8' title='bbox 753 506 887 575; x_wconf 82' lang='lat' dir='ltr'><strong>utitur²</strong></span> <span class='ocrx_word' id='word_1_9' title='bbox 911 503 1082 576; x_wconf 88' lang='lat' dir='ltr'><strong>deteriori</strong></span> <span class='ocrx_word' id='word_1_10' title='bbox 1099 521 1207 604; x_wconf 86' lang='lat' dir='ltr'><strong>atque</strong></span> 
     </span>
     <span class='ocr_line' id='line_1_3' title="bbox 145 610 1209 710; baseline 0.006 -28"><span class='ocrx_word' id='word_1_11' title='bbox 145 610 337 682; x_wconf 88' lang='lat' dir='ltr'><strong>infirmiori</strong></span> <span class='ocrx_word' id='word_1_12' title='bbox 352 610 522 684; x_wconf 82' lang='lat' dir='ltr'><strong>favendo.</strong></span> <span class='ocrx_word' id='word_1_13' title='bbox 531 613 666 686; x_wconf 91' lang='lat' dir='ltr'><strong>Eodem</strong></span> <span class='ocrx_word' id='word_1_14' title='bbox 685 627 848 710; x_wconf 88' lang='lat' dir='ltr'><strong>tempore</strong></span> <span class='ocrx_word' id='word_1_15' title='bbox 862 615 900 683; x_wconf 90' lang='lat' dir='ltr'><strong>in</strong></span> <span class='ocrx_word' id='word_1_16' title='bbox 918 614 1058 687; x_wconf 86' lang='lat' dir='ltr'><strong>Boeotia</strong></span> <span class='ocrx_word' id='word_1_17' title='bbox 1070 641 1209 688; x_wconf 89' lang='lat' dir='ltr'><strong>summa</strong></span> 
     </span>
     <span class='ocr_line' id='line_1_4' title="bbox 145 723 1207 822; baseline 0.004 -30"><span class='ocrx_word' id='word_1_18' title='bbox 145 724 183 792; x_wconf 85' lang='lat' dir='ltr'><strong>vi</strong></span> <span class='ocrx_word' id='word_1_19' title='bbox 197 723 394 794; x_wconf 82' lang='lat' dir='ltr'><strong>Haliartum</strong></span> <span class='ocrx_word' id='word_1_20' title='bbox 408 725 595 795; x_wconf 90' lang='lat' dir='ltr'><strong>Lucretius</strong></span> <span class='ocrx_word' id='word_1_21' title='bbox 611 739 743 822; x_wconf 71' lang='lat' dir='ltr'><strong>praetor</strong></span> <span class='ocrx_word' id='word_1_22' title='bbox 760 739 1003 821; x_wconf 78' lang='lat' dir='ltr'><strong>oppugnaret,</strong></span> <span class='ocrx_word' id='word_1_23' title='bbox 1023 739 1075 810; x_wconf 92' lang='lat' dir='ltr'><strong>et,</strong></span> <span class='ocrx_word' id='word_1_24' title='bbox 1091 751 1207 822; x_wconf 87' lang='lat' dir='ltr'><strong>quan-</strong></span> 
     </span>
     <span class='ocr_line' id='line_1_5' title="bbox 147 831 1210 934; baseline 0.007 -34"><span class='ocrx_word' id='word_1_25' title='bbox 147 856 258 928; x_wconf 82' lang='lat' dir='ltr'><strong>quam</strong></span> <span class='ocrx_word' id='word_1_26' title='bbox 289 855 356 903; x_wconf 90' lang='lat' dir='ltr'><strong>nec</strong></span> <span class='ocrx_word' id='word_1_27' title='bbox 383 831 566 905; x_wconf 83' lang='lat' dir='ltr'><strong>habebant</strong></span> <span class='ocrx_word' id='word_1_28' title='bbox 591 848 739 905; x_wconf 82' lang='lat' dir='ltr'><strong>externa</strong></span> <span class='ocrx_word' id='word_1_29' title='bbox 757 833 886 905; x_wconf 86' lang='lat' dir='ltr'><strong>auxilia</strong></span> <span class='ocrx_word' id='word_1_30' title='bbox 911 834 1063 923; x_wconf 87' lang='lat' dir='ltr'><strong>obsessi,</strong></span> <span class='ocrx_word' id='word_1_31' title='bbox 1080 852 1210 934; x_wconf 86' lang='lat' dir='ltr'><strong>praeter</strong></span> 
     </span>
     <span class='ocr_line' id='line_1_6' title="bbox 146 942 1210 1040; baseline 0.007 -29"><span class='ocrx_word' id='word_1_32' title='bbox 146 944 400 1012; x_wconf 80' lang='lat' dir='ltr'><strong>Coroneorum</strong></span> <span class='ocrx_word' id='word_1_33' title='bbox 423 942 609 1036; x_wconf 86' lang='lat' dir='ltr'><strong>juniores,</strong></span> <span class='ocrx_word' id='word_1_34' title='bbox 629 943 691 1040; x_wconf 94' lang='lat' dir='ltr'><strong>qui</strong></span> <span class='ocrx_word' id='word_1_35' title='bbox 717 943 831 1040; x_wconf 90' lang='lat' dir='ltr'><strong>prima</strong></span> <span class='ocrx_word' id='word_1_36' title='bbox 862 942 1050 1016; x_wconf 89' lang='lat' dir='ltr'><strong>obsidione</strong></span> <span class='ocrx_word' id='word_1_37' title='bbox 1077 949 1210 1018; x_wconf 86' lang='lat' dir='ltr'><strong>moenia</strong></span> 
     </span>
     <span class='ocr_line' id='line_1_7' title="bbox 147 1049 1211 1151; baseline 0.008 -33"><span class='ocrx_word' id='word_1_38' title='bbox 147 1049 385 1136; x_wconf 83' lang='lat' dir='ltr'><strong>intraverant,</strong></span> <span class='ocrx_word' id='word_1_39' title='bbox 407 1077 528 1149; x_wconf 90' lang='lat' dir='ltr'><strong>neque</strong></span> <span class='ocrx_word' id='word_1_40' title='bbox 546 1051 757 1150; x_wconf 87' lang='lat' dir='ltr'><strong>sperabant,</strong></span> <span class='ocrx_word' id='word_1_41' title='bbox 775 1067 896 1122; x_wconf 87' lang='lat' dir='ltr'><strong>tamen</strong></span> <span class='ocrx_word' id='word_1_42' title='bbox 914 1055 982 1151; x_wconf 91' lang='lat' dir='ltr'><strong>ipsi</strong></span> <span class='ocrx_word' id='word_1_43' title='bbox 998 1057 1124 1136; x_wconf 85' lang='lat' dir='ltr'><strong>animis</strong></span> <span class='ocrx_word' id='word_1_44' title='bbox 1139 1081 1211 1130; x_wconf 86' lang='lat' dir='ltr'><strong>ma-</strong></span> 
     </span>
     <span class='ocr_line' id='line_1_8' title="bbox 148 1161 1210 1262; baseline 0.009 -33"><span class='ocrx_word' id='word_1_45' title='bbox 148 1161 220 1254; x_wconf 87' lang='lat' dir='ltr'><strong>gis,</strong></span> <span class='ocrx_word' id='word_1_46' title='bbox 239 1185 349 1256; x_wconf 91' lang='lat' dir='ltr'><strong>quam</strong></span> <span class='ocrx_word' id='word_1_47' title='bbox 366 1161 522 1247; x_wconf 75' lang='lat' dir='ltr'><strong>uiribus,¹</strong></span> <span class='ocrx_word' id='word_1_48' title='bbox 540 1161 764 1234; x_wconf 79' lang='lat' dir='ltr'><strong>resistebant.</strong></span> <span class='ocrx_word' id='word_1_49' title='bbox 784 1165 876 1235; x_wconf 85' lang='lat' dir='ltr'><strong>Nam</strong></span> <span class='ocrx_word' id='word_1_50' title='bbox 895 1179 931 1235; x_wconf 88' lang='lat' dir='ltr'><strong>et</strong></span> <span class='ocrx_word' id='word_1_51' title='bbox 948 1167 1156 1262; x_wconf 89' lang='lat' dir='ltr'><strong>eruptiones</strong></span> <span class='ocrx_word' id='word_1_52' title='bbox 1172 1169 1210 1238; x_wconf 88' lang='lat' dir='ltr'><strong>in</strong></span> 
     </span>
     <span class='ocr_line' id='line_1_9' title="bbox 148 1269 1211 1366; baseline 0.008 -27"><span class='ocrx_word' id='word_1_53' title='bbox 148 1293 260 1366; x_wconf 89' lang='lat' dir='ltr'><strong>opera</strong></span> <span class='ocrx_word' id='word_1_54' title='bbox 278 1269 406 1342; x_wconf 89' lang='lat' dir='ltr'><strong>crebro</strong></span> <span class='ocrx_word' id='word_1_55' title='bbox 424 1269 623 1359; x_wconf 86' lang='lat' dir='ltr'><strong>faciebant,</strong></span> <span class='ocrx_word' id='word_1_56' title='bbox 646 1288 681 1344; x_wconf 92' lang='lat' dir='ltr'><strong>et</strong></span> <span class='ocrx_word' id='word_1_57' title='bbox 705 1275 851 1344; x_wconf 89' lang='lat' dir='ltr'><strong>arietem</strong></span> <span class='ocrx_word' id='word_1_58' title='bbox 876 1271 1082 1362; x_wconf 83' lang='lat' dir='ltr'><strong>admotum,</strong></span> <span class='ocrx_word' id='word_1_59' title='bbox 1107 1275 1211 1348; x_wconf 90' lang='lat' dir='ltr'><strong>libra·</strong></span> 
     </span>
     <span class='ocr_line' id='line_1_10' title="bbox 147 1380 1212 1480; baseline 0.007 -30"><span class='ocrx_word' id='word_1_60' title='bbox 147 1395 274 1452; x_wconf 87' lang='lat' dir='ltr'><strong>mento</strong></span> <span class='ocrx_word' id='word_1_61' title='bbox 291 1380 432 1477; x_wconf 86' lang='lat' dir='ltr'><strong>plmubi</strong></span> <span class='ocrx_word' id='word_1_62' title='bbox 449 1397 655 1480; x_wconf 83' lang='lat' dir='ltr'><strong>gravatum,</strong></span> <span class='ocrx_word' id='word_1_63' title='bbox 670 1382 715 1453; x_wconf 88' lang='lat' dir='ltr'><strong>ad</strong></span> <span class='ocrx_word' id='word_1_64' title='bbox 736 1397 868 1454; x_wconf 87' lang='lat' dir='ltr'><strong>terram</strong></span> <span class='ocrx_word' id='word_1_65' title='bbox 889 1381 1089 1479; x_wconf 83' lang='lat' dir='ltr'><strong>urgebant3</strong></span> <span class='ocrx_word' id='word_1_66' title='bbox 1109 1400 1164 1473; x_wconf 90' lang='lat' dir='ltr'><strong>et,</strong></span> <span class='ocrx_word' id='word_1_67' title='bbox 1182 1388 1212 1457; x_wconf 92' lang='lat' dir='ltr'><strong>si</strong></span> 
     </span>
     <span class='ocr_line' id='line_1_11' title="bbox 147 1487 1212 1589; baseline 0.007 -30"><span class='ocrx_word' id='word_1_68' title='bbox 147 1493 219 1584; x_wconf 90' lang='lat' dir='ltr'><strong>qua</strong></span> <span class='ocrx_word' id='word_1_69' title='bbox 247 1487 487 1577; x_wconf 85' lang='lat' dir='ltr'><strong>declinarent,</strong></span> <span class='ocrx_word' id='word_1_70' title='bbox 517 1494 580 1589; x_wconf 91' lang='lat' dir='ltr'><strong>qui</strong></span> <span class='ocrx_word' id='word_1_71' title='bbox 607 1490 784 1588; x_wconf 85' lang='lat' dir='ltr'><strong>agebant,</strong></span> <span class='ocrx_word' id='word_1_72' title='bbox 814 1493 925 1562; x_wconf 89' lang='lat' dir='ltr'><strong>ictum</strong></span> <span class='ocrx_word' id='word_1_73' title='bbox 936 1489 964 1578; x_wconf 81' lang='lat'><strong>³,</strong></span> <span class='ocrx_word' id='word_1_74' title='bbox 996 1514 1064 1589; x_wconf 92' lang='lat' dir='ltr'><strong>pro</strong></span> <span class='ocrx_word' id='word_1_75' title='bbox 1090 1493 1212 1578; x_wconf 87' lang='lat' dir='ltr'><strong>diruto</strong></span> 
     </span>
     <span class='ocr_line' id='line_1_12' title="bbox 132 1603 1212 1702; baseline 0.006 -32"><span class='ocrx_word' id='word_1_76' title='bbox 132 1621 255 1671; x_wconf 75' lang='lat' dir='ltr'><strong>‘muro</strong></span> <span class='ocrx_word' id='word_1_77' title='bbox 282 1627 416 1672; x_wconf 86' lang='lat' dir='ltr'><strong>novum</strong></span> <span class='ocrx_word' id='word_1_78' title='bbox 454 1603 688 1674; x_wconf 89' lang='lat' dir='ltr'><strong>tumultuario</strong></span> <span class='ocrx_word' id='word_1_79' title='bbox 720 1625 830 1700; x_wconf 88' lang='lat' dir='ltr'><strong>opere</strong></span> <span class='ocrx_word' id='word_1_80' title='bbox 842 1606 870 1690; x_wconf 73' lang='lat'><strong>⁴,</strong></span> <span class='ocrx_word' id='word_1_81' title='bbox 905 1603 1034 1699; x_wconf 90' lang='lat' dir='ltr'><strong>raptim</strong></span> <span class='ocrx_word' id='word_1_82' title='bbox 1064 1628 1120 1675; x_wconf 50' lang='lat' dir='ltr'><strong>en¹</strong></span> <span class='ocrx_word' id='word_1_83' title='bbox 1136 1605 1212 1702; x_wconf 90' lang='lat' dir='ltr'><strong>ipsa</strong></span> 
     </span>
    </p>
   </div>
   <div class='ocr_carea' id='block_1_2' title="bbox 88 1817 1291 4176">
    <p class='ocr_par' dir='ltr' id='par_1_2' title="bbox 88 1817 1291 4098">
     <span class='ocr_line' id='line_1_13' title="bbox 147 1817 1212 1884; baseline 0.004 -18"><span class='ocrx_word' id='word_1_84' title='bbox 147 1834 196 1867; x_wconf 86' lang='lat' dir='ltr'><strong>neo</strong></span> <span class='ocrx_word' id='word_1_85' title='bbox 206 1819 289 1868; x_wconf 79' lang='lat' dir='ltr'><strong>LirIus</strong></span> <span class='ocrx_word' id='word_1_86' title='bbox 303 1820 401 1869; x_wconf 83' lang='lat' dir='ltr'><strong>videtur</strong></span> <span class='ocrx_word' id='word_1_87' title='bbox 411 1820 469 1868; x_wconf 83' lang='lat' dir='ltr'><strong>satis</strong></span> <span class='ocrx_word' id='word_1_88' title='bbox 482 1820 570 1870; x_wconf 87' lang='lat' dir='ltr'><strong>decore</strong></span> <span class='ocrx_word' id='word_1_89' title='bbox 582 1821 661 1884; x_wconf 77' lang='lat' dir='ltr'><strong>gentis</strong></span> <span class='ocrx_word' id='word_1_90' title='bbox 740 1819 764 1866; x_wconf 80' lang='lat'><strong>3.</strong></span> <span class='ocrx_word' id='word_1_91' title='bbox 776 1817 883 1866; x_wconf 80' lang='lat' dir='ltr'><strong>Arietem</strong></span> <span class='ocrx_word' id='word_1_92' title='bbox 896 1818 1023 1866; x_wconf 88' lang='lat' dir='ltr'><strong>admotum</strong></span> <span class='ocrx_word' id='word_1_93' title='bbox 1035 1821 1123 1880; x_wconf 87' lang='lat' dir='ltr'><strong>muris,</strong></span> <span class='ocrx_word' id='word_1_94' title='bbox 1137 1821 1212 1870; x_wconf 82' lang='lat' dir='ltr'><strong>libra·</strong></span> 
     </span>
     <span class='ocr_line' id='line_1_14' title="bbox 148 1896 1214 1963; baseline 0.004 -19"><span class='ocrx_word' id='word_1_95' title='bbox 148 1914 199 1946; x_wconf 81' lang='lat' dir='ltr'><strong>suae</strong></span> <span class='ocrx_word' id='word_1_96' title='bbox 222 1899 278 1946; x_wconf 76' lang='lat' dir='ltr'><strong>vitia</strong></span> <span class='ocrx_word' id='word_1_97' title='bbox 300 1899 370 1946; x_wconf 85' lang='lat' dir='ltr'><strong>fateri</strong></span> <span class='ocrx_word' id='word_1_98' title='bbox 390 1915 478 1963; x_wconf 86' lang='lat' dir='ltr'><strong>posse,</strong></span> <span class='ocrx_word' id='word_1_99' title='bbox 493 1915 548 1963; x_wconf 75' lang='lat' dir='ltr'><strong>quae</strong></span> <span class='ocrx_word' id='word_1_100' title='bbox 569 1899 595 1946; x_wconf 89' lang='lat' dir='ltr'><strong>in</strong></span> <span class='ocrx_word' id='word_1_101' title='bbox 616 1899 661 1946; x_wconf 90' lang='lat' dir='ltr'><strong>du·</strong></span> <span class='ocrx_word' id='word_1_102' title='bbox 705 1908 784 1945; x_wconf 84' lang='lat' dir='ltr'><strong>mento</strong></span> <span class='ocrx_word' id='word_1_103' title='bbox 798 1896 895 1961; x_wconf 79' lang='lat' dir='ltr'><strong>plumbi</strong></span> <span class='ocrx_word' id='word_1_104' title='bbox 906 1909 1054 1963; x_wconf 72' lang='lat' dir='ltr'><strong>gravatum,</strong></span> <span class='ocrx_word' id='word_1_105' title='bbox 1071 1899 1108 1946; x_wconf 84' lang='lat' dir='ltr'><strong>ad</strong></span> <span class='ocrx_word' id='word_1_106' title='bbox 1123 1911 1214 1948; x_wconf 81' lang='lat' dir='ltr'><strong>terram</strong></span> 
     </span>
     <span class='ocr_line' id='line_1_15' title="bbox 148 1977 1216 2042; baseline 0.005 -18"><span class='ocrx_word' id='word_1_107' title='bbox 148 1992 192 2024; x_wconf 87' lang='lat' dir='ltr'><strong>ces</strong></span> <span class='ocrx_word' id='word_1_108' title='bbox 203 1987 298 2025; x_wconf 88' lang='lat' dir='ltr'><strong>tantum</strong></span> <span class='ocrx_word' id='word_1_109' title='bbox 309 1995 337 2024; x_wconf 89' lang='lat' dir='ltr'><strong>ac</strong></span> <span class='ocrx_word' id='word_1_110' title='bbox 346 1980 500 2042; x_wconf 80' lang='lat' dir='ltr'><strong>magistratus</strong></span> <span class='ocrx_word' id='word_1_111' title='bbox 509 1994 591 2026; x_wconf 88' lang='lat' dir='ltr'><strong>eorum</strong></span> <span class='ocrx_word' id='word_1_112' title='bbox 601 1993 661 2026; x_wconf 91' lang='lat' dir='ltr'><strong>cou·</strong></span> <span class='ocrx_word' id='word_1_113' title='bbox 705 1977 837 2041; x_wconf 79' lang='lat' dir='ltr'><strong>urgebant,</strong></span> <span class='ocrx_word' id='word_1_114' title='bbox 848 1988 884 2034; x_wconf 85' lang='lat' dir='ltr'><strong>et,</strong></span> <span class='ocrx_word' id='word_1_115' title='bbox 894 1978 917 2024; x_wconf 83' lang='lat' dir='ltr'><strong>si</strong></span> <span class='ocrx_word' id='word_1_116' title='bbox 925 1993 974 2042; x_wconf 83' lang='lat' dir='ltr'><strong>qua</strong></span> <span class='ocrx_word' id='word_1_117' title='bbox 984 1989 1054 2042; x_wconf 88' lang='lat' dir='ltr'><strong>parte</strong></span> <span class='ocrx_word' id='word_1_118' title='bbox 1063 1979 1216 2030; x_wconf 80' lang='lat' dir='ltr'><strong>declinarent</strong></span> 
     </span>
     <span class='ocr_line' id='line_1_16' title="bbox 148 2055 1216 2122; baseline 0.007 -21"><span class='ocrx_word' id='word_1_119' title='bbox 148 2055 213 2104; x_wconf 76' lang='lat' dir='ltr'><strong>serre</strong></span> <span class='ocrx_word' id='word_1_120' title='bbox 222 2057 299 2116; x_wconf 87' lang='lat' dir='ltr'><strong>solet,</strong></span> <span class='ocrx_word' id='word_1_121' title='bbox 308 2072 353 2104; x_wconf 86' lang='lat' dir='ltr'><strong>nec</strong></span> <span class='ocrx_word' id='word_1_122' title='bbox 362 2058 395 2105; x_wconf 82' lang='lat' dir='ltr'><strong>ita</strong></span> <span class='ocrx_word' id='word_1_123' title='bbox 405 2057 457 2106; x_wconf 76' lang='lat' dir='ltr'><strong>haec</strong></span> <span class='ocrx_word' id='word_1_124' title='bbox 467 2057 550 2106; x_wconf 66' lang='lat' dir='ltr'><strong>letitia</strong></span> <span class='ocrx_word' id='word_1_125' title='bbox 556 2073 660 2121; x_wconf 76' lang='lat' dir='ltr'><strong>pravum</strong></span> <span class='ocrx_word' id='word_1_126' title='bbox 704 2056 777 2104; x_wconf 81' lang='lat' dir='ltr'><strong>ictum</strong></span> <span class='ocrx_word' id='word_1_127' title='bbox 790 2055 828 2119; x_wconf 91' lang='lat' dir='ltr'><strong>(ut</strong></span> <span class='ocrx_word' id='word_1_128' title='bbox 841 2057 970 2114; x_wconf 84' lang='lat' dir='ltr'><strong>XXXVI,</strong></span> <span class='ocrx_word' id='word_1_129' title='bbox 988 2055 1049 2121; x_wconf 75' lang='lat'><strong>23),</strong></span> <span class='ocrx_word' id='word_1_130' title='bbox 1068 2059 1164 2122; x_wconf 86' lang='lat' dir='ltr'><strong>plumbi</strong></span> <span class='ocrx_word' id='word_1_131' title='bbox 1176 2061 1216 2109; x_wconf 85' lang='lat' dir='ltr'><strong>vel</strong></span> 
     </span>
     <span class='ocr_line' id='line_1_17' title="bbox 146 2135 1217 2202; baseline 0.003 -18"><span class='ocrx_word' id='word_1_132' title='bbox 146 2135 266 2194; x_wconf 84' lang='lat' dir='ltr'><strong>studium,</strong></span> <span class='ocrx_word' id='word_1_133' title='bbox 278 2147 319 2184; x_wconf 89' lang='lat' dir='ltr'><strong>aut</strong></span> <span class='ocrx_word' id='word_1_134' title='bbox 333 2137 449 2184; x_wconf 81' lang='lat' dir='ltr'><strong>deteriori</strong></span> <span class='ocrx_word' id='word_1_135' title='bbox 451 2136 540 2200; x_wconf 82' lang='lat' dir='ltr'><strong>fuvere</strong></span> <span class='ocrx_word' id='word_1_136' title='bbox 551 2137 600 2186; x_wconf 86' lang='lat' dir='ltr'><strong>diti</strong></span> <span class='ocrx_word' id='word_1_137' title='bbox 613 2152 659 2202; x_wconf 91' lang='lat' dir='ltr'><strong>po·</strong></span> <span class='ocrx_word' id='word_1_138' title='bbox 703 2136 775 2186; x_wconf 76' lang='lat' dir='ltr'><strong>molit</strong></span> <span class='ocrx_word' id='word_1_139' title='bbox 794 2135 860 2182; x_wconf 86' lang='lat' dir='ltr'><strong>illius</strong></span> <span class='ocrx_word' id='word_1_140' title='bbox 885 2135 1022 2198; x_wconf 73' lang='lat' dir='ltr'><strong>plumbeae,</strong></span> <span class='ocrx_word' id='word_1_141' title='bbox 1044 2137 1089 2200; x_wconf 83' lang='lat' dir='ltr'><strong>qui</strong></span> <span class='ocrx_word' id='word_1_142' title='bbox 1107 2139 1217 2202; x_wconf 74' lang='lat' dir='ltr'><strong>agebunt</strong></span> 
     </span>
     <span class='ocr_line' id='line_1_18' title="bbox 148 2200 1215 2280; baseline 0.001 -15"><span class='ocrx_word' id='word_1_143' title='bbox 148 2217 266 2279; x_wconf 90' lang='lat' dir='ltr'><strong>test,qui</strong></span> <span class='ocrx_word' id='word_1_144' title='bbox 274 2217 326 2264; x_wconf 81' lang='lat' dir='ltr'><strong>vim</strong></span> <span class='ocrx_word' id='word_1_145' title='bbox 335 2233 387 2279; x_wconf 84' lang='lat' dir='ltr'><strong>sup.</strong></span> <span class='ocrx_word' id='word_1_146' title='bbox 399 2219 566 2264; x_wconf 85' lang='lat' dir='ltr'><strong>Romanorum</strong></span> <span class='ocrx_word' id='word_1_147' title='bbox 577 2232 661 2279; x_wconf 79' lang='lat' dir='ltr'><strong>exper·</strong></span> <span class='ocrx_word' id='word_1_148' title='bbox 704 2200 817 2271; x_wconf 80' lang='lat' dir='ltr'><strong>arietem,</strong></span> <span class='ocrx_word' id='word_1_149' title='bbox 832 2223 856 2261; x_wconf 90' lang='lat' dir='ltr'><strong>et</strong></span> <span class='ocrx_word' id='word_1_150' title='bbox 869 2213 903 2260; x_wconf 84' lang='lat' dir='ltr'><strong>ita</strong></span> <span class='ocrx_word' id='word_1_151' title='bbox 916 2213 1022 2277; x_wconf 86' lang='lat' dir='ltr'><strong>aliquam</strong></span> <span class='ocrx_word' id='word_1_152' title='bbox 1039 2215 1103 2262; x_wconf 90' lang='lat' dir='ltr'><strong>muri</strong></span> <span class='ocrx_word' id='word_1_153' title='bbox 1122 2229 1215 2280; x_wconf 85' lang='lat' dir='ltr'><strong>partem</strong></span> 
     </span>
     <span class='ocr_line' id='line_1_19' title="bbox 149 2293 1213 2359; baseline 0 -15"><span class='ocrx_word' id='word_1_154' title='bbox 149 2307 187 2344; x_wconf 85' lang='lat' dir='ltr'><strong>tus</strong></span> <span class='ocrx_word' id='word_1_155' title='bbox 205 2296 384 2344; x_wconf 77' lang='lat' dir='ltr'><strong>Macedonibus</strong></span> <span class='ocrx_word' id='word_1_156' title='bbox 398 2297 477 2356; x_wconf 79' lang='lat' dir='ltr'><strong>savet3</strong></span> <span class='ocrx_word' id='word_1_157' title='bbox 487 2295 562 2342; x_wconf 84' lang='lat' dir='ltr'><strong>Drak.</strong></span> <span class='ocrx_word' id='word_1_158' title='bbox 580 2295 658 2343; x_wconf 82' lang='lat' dir='ltr'><strong>Multa</strong></span> <span class='ocrx_word' id='word_1_159' title='bbox 703 2303 849 2359; x_wconf 86' lang='lat' dir='ltr'><strong>proruerent</strong></span> <span class='ocrx_word' id='word_1_160' title='bbox 858 2326 864 2352; x_wconf 89' lang='lat'><strong>,</strong></span> <span class='ocrx_word' id='word_1_161' title='bbox 871 2309 921 2356; x_wconf 84' lang='lat' dir='ltr'><strong>pro</strong></span> <span class='ocrx_word' id='word_1_162' title='bbox 934 2293 1027 2352; x_wconf 85' lang='lat' dir='ltr'><strong>diruto,</strong></span> <span class='ocrx_word' id='word_1_163' title='bbox 1041 2308 1087 2343; x_wconf 88' lang='lat' dir='ltr'><strong>etc.</strong></span> <span class='ocrx_word' id='word_1_164' title='bbox 1097 2317 1110 2337; x_wconf 73' lang='grc' dir='ltr'><strong>α</strong></span> <span class='ocrx_word' id='word_1_165' title='bbox 1119 2297 1144 2344; x_wconf 89' lang='lat' dir='ltr'><strong>Si</strong></span> <span class='ocrx_word' id='word_1_166' title='bbox 1154 2297 1213 2358; x_wconf 88' lang='lat' dir='ltr'><strong>jun·</strong></span> 
     </span>
     <span class='ocr_line' id='line_1_20' title="bbox 147 2371 1214 2440; baseline 0.002 -18"><span class='ocrx_word' id='word_1_167' title='bbox 147 2375 176 2422; x_wconf 87' lang='lat' dir='ltr'><strong>in</strong></span> <span class='ocrx_word' id='word_1_168' title='bbox 186 2386 415 2440; x_wconf 83' lang='lat' dir='ltr'><strong>utramquepartem</strong></span> <span class='ocrx_word' id='word_1_169' title='bbox 424 2373 543 2440; x_wconf 83' lang='lat' dir='ltr'><strong>disputari</strong></span> <span class='ocrx_word' id='word_1_170' title='bbox 548 2385 658 2438; x_wconf 88' lang='lat' dir='ltr'><strong>possent.</strong></span> <span class='ocrx_word' id='word_1_171' title='bbox 705 2389 746 2436; x_wconf 82' lang='lat' dir='ltr'><strong>gas</strong></span> <span class='ocrx_word' id='word_1_172' title='bbox 754 2373 798 2436; x_wconf 86' lang='lat' dir='ltr'><strong>qui</strong></span> <span class='ocrx_word' id='word_1_173' title='bbox 808 2373 914 2436; x_wconf 76' lang='lat' dir='ltr'><strong>agebant</strong></span> <span class='ocrx_word' id='word_1_174' title='bbox 925 2371 1013 2430; x_wconf 78' lang='lat' dir='ltr'><strong>ictum,</strong></span> <span class='ocrx_word' id='word_1_175' title='bbox 1028 2390 1112 2422; x_wconf 87' lang='lat' dir='ltr'><strong>sensus</strong></span> <span class='ocrx_word' id='word_1_176' title='bbox 1124 2375 1184 2434; x_wconf 81' lang='lat' dir='ltr'><strong>erit,</strong></span> <span class='ocrx_word' id='word_1_177' title='bbox 1194 2378 1214 2424; x_wconf 88' lang='lat' dir='ltr'><strong>si</strong></span> 
     </span>
     <span class='ocr_line' id='line_1_21' title="bbox 147 2451 1214 2518; baseline -0.001 -16"><span class='ocrx_word' id='word_1_178' title='bbox 147 2454 276 2502; x_wconf 87' lang='lat' dir='ltr'><strong>—Solita</strong></span> <span class='ocrx_word' id='word_1_179' title='bbox 298 2453 357 2502; x_wconf 86' lang='lat' dir='ltr'><strong>clar.</strong></span> <span class='ocrx_word' id='word_1_180' title='bbox 372 2457 439 2518; x_wconf 88' lang='lat' dir='ltr'><strong>Rup.</strong></span> <span class='ocrx_word' id='word_1_181' title='bbox 457 2453 582 2517; x_wconf 85' lang='lat' dir='ltr'><strong>diligentia</strong></span> <span class='ocrx_word' id='word_1_182' title='bbox 598 2453 623 2502; x_wconf 87' lang='lat' dir='ltr'><strong>b.</strong></span> <span class='ocrx_word' id='word_1_183' title='bbox 642 2452 659 2500; x_wconf 93' lang='lat' dir='ltr'><strong>l.</strong></span> <span class='ocrx_word' id='word_1_184' title='bbox 704 2452 752 2510; x_wconf 90' lang='lat' dir='ltr'><strong>illi,</strong></span> <span class='ocrx_word' id='word_1_185' title='bbox 765 2453 807 2514; x_wconf 90' lang='lat' dir='ltr'><strong>qui</strong></span> <span class='ocrx_word' id='word_1_186' title='bbox 825 2451 929 2514; x_wconf 82' lang='lat' dir='ltr'><strong>agebant</strong></span> <span class='ocrx_word' id='word_1_187' title='bbox 941 2453 1029 2512; x_wconf 90' lang='lat' dir='ltr'><strong>ictum,</strong></span> <span class='ocrx_word' id='word_1_188' title='bbox 1046 2452 1063 2499; x_wconf 82' lang='grc' dir='ltr'><strong>ἰ.</strong></span> <span class='ocrx_word' id='word_1_189' title='bbox 1083 2469 1105 2500; x_wconf 88' lang='lat' dir='ltr'><strong>e.</strong></span> <span class='ocrx_word' id='word_1_190' title='bbox 1124 2455 1167 2518; x_wconf 90' lang='lat' dir='ltr'><strong>qui</strong></span> <span class='ocrx_word' id='word_1_191' title='bbox 1181 2455 1214 2501; x_wconf 92' lang='lat' dir='ltr'><strong>li·</strong></span> 
     </span>
     <span class='ocr_line' id='line_1_22' title="bbox 148 2530 1214 2597; baseline -0.001 -14"><span class='ocrx_word' id='word_1_192' title='bbox 148 2533 301 2582; x_wconf 83' lang='lat' dir='ltr'><strong>desideratur</strong></span> <span class='ocrx_word' id='word_1_193' title='bbox 311 2549 319 2591; x_wconf 79' lang='lat'>3</span> <span class='ocrx_word' id='word_1_194' title='bbox 329 2549 380 2580; x_wconf 87' lang='lat' dir='ltr'><strong>uon</strong></span> <span class='ocrx_word' id='word_1_195' title='bbox 390 2533 511 2580; x_wconf 85' lang='lat' dir='ltr'><strong>intellexit</strong></span> <span class='ocrx_word' id='word_1_196' title='bbox 522 2549 610 2597; x_wconf 85' lang='lat' dir='ltr'><strong>nempe</strong></span> <span class='ocrx_word' id='word_1_197' title='bbox 621 2549 660 2579; x_wconf 87' lang='lat' dir='ltr'><strong>su·</strong></span> <span class='ocrx_word' id='word_1_198' title='bbox 704 2530 832 2578; x_wconf 86' lang='lat' dir='ltr'><strong>bramento</strong></span> <span class='ocrx_word' id='word_1_199' title='bbox 843 2530 938 2594; x_wconf 86' lang='lat' dir='ltr'><strong>plumbi</strong></span> <span class='ocrx_word' id='word_1_200' title='bbox 955 2530 1053 2578; x_wconf 87' lang='lat' dir='ltr'><strong>incusso</strong></span> <span class='ocrx_word' id='word_1_201' title='bbox 1071 2534 1170 2592; x_wconf 79' lang='lat' dir='ltr'><strong>anetem</strong></span> <span class='ocrx_word' id='word_1_202' title='bbox 1182 2535 1214 2582; x_wconf 87' lang='lat' dir='ltr'><strong>ad</strong></span> 
     </span>
     <span class='ocr_line' id='line_1_23' title="bbox 145 2609 1215 2677; baseline 0.002 -17"><span class='ocrx_word' id='word_1_203' title='bbox 145 2612 259 2677; x_wconf 78' lang='lat' dir='ltr'><strong>pst-biam</strong></span> <span class='ocrx_word' id='word_1_204' title='bbox 273 2615 440 2660; x_wconf 83' lang='lat' dir='ltr'><strong>Romanorum</strong></span> <span class='ocrx_word' id='word_1_205' title='bbox 454 2611 525 2660; x_wconf 78' lang='lat' dir='ltr'><strong>Cres.</strong></span> <span class='ocrx_word' id='word_1_206' title='bbox 543 2621 571 2660; x_wconf 91' lang='lat' dir='ltr'><strong>ut</strong></span> <span class='ocrx_word' id='word_1_207' title='bbox 587 2627 660 2675; x_wconf 85' lang='lat' dir='ltr'><strong>supra</strong></span> <span class='ocrx_word' id='word_1_208' title='bbox 704 2621 792 2658; x_wconf 86' lang='lat' dir='ltr'><strong>terram</strong></span> <span class='ocrx_word' id='word_1_209' title='bbox 808 2625 895 2677; x_wconf 77' lang='lat' dir='ltr'><strong>urgere</strong></span> <span class='ocrx_word' id='word_1_210' title='bbox 908 2609 1117 2672; x_wconf 83' lang='lat' dir='ltr'><strong>conabantur„ab</strong></span> <span class='ocrx_word' id='word_1_211' title='bbox 1130 2629 1160 2662; x_wconf 89' lang='lat' dir='ltr'><strong>eo</strong></span> <span class='ocrx_word' id='word_1_212' title='bbox 1175 2614 1215 2662; x_wconf 84' lang='lat' dir='ltr'><strong>de·</strong></span> 
     </span>
     <span class='ocr_line' id='line_1_24' title="bbox 89 2688 1213 2755; baseline 0.001 -16"><span class='ocrx_word' id='word_1_213' title='bbox 89 2749 92 2754; x_wconf 32' lang='grc' dir='ltr'>Ι</span> <span class='ocrx_word' id='word_1_214' title='bbox 148 2691 248 2750; x_wconf 87' lang='lat' dir='ltr'><strong>dieitur,</strong></span> <span class='ocrx_word' id='word_1_215' title='bbox 263 2690 308 2739; x_wconf 89' lang='lat' dir='ltr'><strong>sed</strong></span> <span class='ocrx_word' id='word_1_216' title='bbox 318 2690 420 2738; x_wconf 88' lang='lat' dir='ltr'><strong>omnino</strong></span> <span class='ocrx_word' id='word_1_217' title='bbox 438 2691 517 2738; x_wconf 88' lang='lat' dir='ltr'><strong>Gron.</strong></span> <span class='ocrx_word' id='word_1_218' title='bbox 528 2689 660 2755; x_wconf 86' lang='lat' dir='ltr'><strong>adstipula-</strong></span> <span class='ocrx_word' id='word_1_219' title='bbox 704 2688 822 2736; x_wconf 86' lang='lat' dir='ltr'><strong>elinarent</strong></span> <span class='ocrx_word' id='word_1_220' title='bbox 833 2698 857 2736; x_wconf 85' lang='lat' dir='ltr'><strong>et</strong></span> <span class='ocrx_word' id='word_1_221' title='bbox 869 2688 1021 2748; x_wconf 85' lang='lat' dir='ltr'><strong>aberrarent,</strong></span> <span class='ocrx_word' id='word_1_222' title='bbox 1038 2706 1114 2754; x_wconf 84' lang='lat' dir='ltr'><strong>eaque</strong></span> <span class='ocrx_word' id='word_1_223' title='bbox 1132 2708 1157 2739; x_wconf 89' lang='lat' dir='ltr'><strong>re</strong></span> <span class='ocrx_word' id='word_1_224' title='bbox 1170 2691 1213 2740; x_wconf 80' lang='lat' dir='ltr'><strong>fie-</strong></span> 
     </span>
     <span class='ocr_line' id='line_1_25' title="bbox 147 2768 1213 2832; baseline 0.001 -15"><span class='ocrx_word' id='word_1_225' title='bbox 147 2781 201 2829; x_wconf 91' lang='lat' dir='ltr'><strong>tur,</strong></span> <span class='ocrx_word' id='word_1_226' title='bbox 222 2780 246 2818; x_wconf 91' lang='lat' dir='ltr'><strong>et</strong></span> <span class='ocrx_word' id='word_1_227' title='bbox 267 2781 352 2819; x_wconf 87' lang='lat' dir='ltr'><strong>monet</strong></span> <span class='ocrx_word' id='word_1_228' title='bbox 371 2770 468 2817; x_wconf 77' lang='lat' dir='ltr'><strong>Liviam</strong></span> <span class='ocrx_word' id='word_1_229' title='bbox 488 2768 558 2832; x_wconf 89' lang='lat' dir='ltr'><strong>loqui</strong></span> <span class='ocrx_word' id='word_1_230' title='bbox 578 2769 609 2817; x_wconf 90' lang='lat' dir='ltr'><strong>de</strong></span> <span class='ocrx_word' id='word_1_231' title='bbox 630 2770 661 2816; x_wconf 87' lang='lat' dir='ltr'><strong>iis</strong></span> <span class='ocrx_word' id='word_1_232' title='bbox 703 2779 755 2825; x_wconf 89' lang='lat' dir='ltr'><strong>ret,</strong></span> <span class='ocrx_word' id='word_1_233' title='bbox 769 2781 797 2817; x_wconf 90' lang='lat' dir='ltr'><strong>ut</strong></span> <span class='ocrx_word' id='word_1_234' title='bbox 815 2769 876 2816; x_wconf 86' lang='lat' dir='ltr'><strong>aries</strong></span> <span class='ocrx_word' id='word_1_235' title='bbox 893 2785 988 2817; x_wconf 86' lang='lat' dir='ltr'><strong>murum</strong></span> <span class='ocrx_word' id='word_1_236' title='bbox 1007 2770 1156 2818; x_wconf 78' lang='lat' dir='ltr'><strong>discuteret:</strong></span> <span class='ocrx_word' id='word_1_237' title='bbox 1170 2772 1213 2819; x_wconf 89' lang='lat' dir='ltr'><strong>sed</strong></span> 
     </span>
     <span class='ocr_line' id='line_1_26' title="bbox 148 2847 1214 2912; baseline 0.001 -16"><span class='ocrx_word' id='word_1_238' title='bbox 148 2865 213 2912; x_wconf 91' lang='lat' dir='ltr'><strong>quos</strong></span> <span class='ocrx_word' id='word_1_239' title='bbox 230 2851 317 2897; x_wconf 84' lang='lat' dir='ltr'><strong>Perseo</strong></span> <span class='ocrx_word' id='word_1_240' title='bbox 332 2849 418 2896; x_wconf 77' lang='lat' dir='ltr'><strong>lavitae</strong></span> <span class='ocrx_word' id='word_1_241' title='bbox 433 2849 522 2896; x_wconf 85' lang='lat' dir='ltr'><strong>mirum</strong></span> <span class='ocrx_word' id='word_1_242' title='bbox 540 2847 658 2908; x_wconf 85' lang='lat' dir='ltr'><strong>videatur,</strong></span> <span class='ocrx_word' id='word_1_243' title='bbox 705 2865 780 2912; x_wconf 81' lang='lat' dir='ltr'><strong>agere</strong></span> <span class='ocrx_word' id='word_1_244' title='bbox 791 2848 864 2896; x_wconf 85' lang='lat' dir='ltr'><strong>ictum</strong></span> <span class='ocrx_word' id='word_1_245' title='bbox 875 2849 958 2912; x_wconf 88' lang='lat' dir='ltr'><strong>potius</strong></span> <span class='ocrx_word' id='word_1_246' title='bbox 968 2849 998 2896; x_wconf 91' lang='lat' dir='ltr'><strong>de</strong></span> <span class='ocrx_word' id='word_1_247' title='bbox 1010 2850 1108 2912; x_wconf 90' lang='lat' dir='ltr'><strong>iis,qui</strong></span> <span class='ocrx_word' id='word_1_248' title='bbox 1118 2866 1214 2897; x_wconf 89' lang='lat' dir='ltr'><strong>murum</strong></span> 
     </span>
     <span class='ocr_line' id='line_1_27' title="bbox 147 2927 1214 2993; baseline 0.001 -17"><span class='ocrx_word' id='word_1_249' title='bbox 147 2943 195 2976; x_wconf 85' lang='lat' dir='ltr'><strong>neo</strong></span> <span class='ocrx_word' id='word_1_250' title='bbox 208 2929 300 2976; x_wconf 83' lang='lat' dir='ltr'><strong>sanein</strong></span> <span class='ocrx_word' id='word_1_251' title='bbox 311 2930 436 2976; x_wconf 84' lang='lat' dir='ltr'><strong>Romanos</strong></span> <span class='ocrx_word' id='word_1_252' title='bbox 449 2938 499 2976; x_wconf 87' lang='lat' dir='ltr'><strong>tam</strong></span> <span class='ocrx_word' id='word_1_253' title='bbox 509 2927 601 2992; x_wconf 87' lang='lat' dir='ltr'><strong>asperis</strong></span> <span class='ocrx_word' id='word_1_254' title='bbox 609 2944 660 2976; x_wconf 73' lang='lat' dir='ltr'><strong>ven</strong></span> <span class='ocrx_word' id='word_1_255' title='bbox 703 2929 755 2976; x_wconf 90' lang='lat' dir='ltr'><strong>iotu</strong></span> <span class='ocrx_word' id='word_1_256' title='bbox 766 2929 847 2976; x_wconf 79' lang='lat' dir='ltr'><strong>arietIs</strong></span> <span class='ocrx_word' id='word_1_257' title='bbox 858 2927 991 2991; x_wconf 80' lang='lat' dir='ltr'><strong>feriebant,</strong></span> <span class='ocrx_word' id='word_1_258' title='bbox 1001 2944 1073 2992; x_wconf 89' lang='lat' dir='ltr'><strong>quam</strong></span> <span class='ocrx_word' id='word_1_259' title='bbox 1085 2928 1115 2976; x_wconf 88' lang='lat' dir='ltr'><strong>de</strong></span> <span class='ocrx_word' id='word_1_260' title='bbox 1124 2945 1214 2993; x_wconf 86' lang='lat' dir='ltr'><strong>propu-</strong></span> 
     </span>
     <span class='ocr_line' id='line_1_28' title="bbox 99 3005 1213 3072; baseline 0.001 -17"><span class='ocrx_word' id='word_1_261' title='bbox 99 3059 101 3067; x_wconf 49' lang='grc'><strong>,</strong></span> <span class='ocrx_word' id='word_1_262' title='bbox 148 3007 188 3055; x_wconf 89' lang='lat' dir='ltr'><strong>bis</strong></span> <span class='ocrx_word' id='word_1_263' title='bbox 197 3007 235 3054; x_wconf 87' lang='lat' dir='ltr'><strong>uti</strong></span> <span class='ocrx_word' id='word_1_264' title='bbox 249 3005 369 3054; x_wconf 88' lang='lat' dir='ltr'><strong>debuisse.</strong></span> <span class='ocrx_word' id='word_1_265' title='bbox 377 3009 422 3056; x_wconf 85' lang='lat' dir='ltr'><strong>Ilo.</strong></span> <span class='ocrx_word' id='word_1_266' title='bbox 454 3014 456 3018; x_wconf 89' lang='grc'><strong>’</strong></span> <span class='ocrx_word' id='word_1_267' title='bbox 705 3006 860 3070; x_wconf 81' lang='lat' dir='ltr'><strong>gnatorIbus,</strong></span> <span class='ocrx_word' id='word_1_268' title='bbox 874 3007 925 3055; x_wconf 86' lang='lat' dir='ltr'><strong>dici</strong></span> <span class='ocrx_word' id='word_1_269' title='bbox 941 3023 1012 3072; x_wconf 83' lang='lat' dir='ltr'><strong>posse</strong></span> <span class='ocrx_word' id='word_1_270' title='bbox 1029 3019 1121 3072; x_wconf 78' lang='lat' dir='ltr'><strong>puto».</strong></span> <span class='ocrx_word' id='word_1_271' title='bbox 1138 3007 1213 3056; x_wconf 84' lang='lat' dir='ltr'><strong>Drak.</strong></span> 
     </span>
     <span class='ocr_line' id='line_1_29' title="bbox 186 3083 1214 3149; baseline 0.002 -17"><span class='ocrx_word' id='word_1_272' title='bbox 186 3101 211 3132; x_wconf 87' lang='lat' dir='ltr'><strong>a.</strong></span> <span class='ocrx_word' id='word_1_273' title='bbox 222 3088 301 3132; x_wconf 80' lang='lat' dir='ltr'><strong>Pravo</strong></span> <span class='ocrx_word' id='word_1_274' title='bbox 315 3083 407 3142; x_wconf 85' lang='lat' dir='ltr'><strong>studio,</strong></span> <span class='ocrx_word' id='word_1_275' title='bbox 421 3102 470 3149; x_wconf 86' lang='lat' dir='ltr'><strong>quo</strong></span> <span class='ocrx_word' id='word_1_276' title='bbox 486 3084 561 3132; x_wconf 84' lang='lat' dir='ltr'><strong>etiam</strong></span> <span class='ocrx_word' id='word_1_277' title='bbox 574 3083 599 3131; x_wconf 85' lang='lat' dir='ltr'><strong>in</strong></span> <span class='ocrx_word' id='word_1_278' title='bbox 610 3101 660 3131; x_wconf 86' lang='lat' dir='ltr'><strong>oer·</strong></span> <span class='ocrx_word' id='word_1_279' title='bbox 705 3085 825 3133; x_wconf 84' lang='lat' dir='ltr'><strong>Caeterum</strong></span> <span class='ocrx_word' id='word_1_280' title='bbox 839 3084 902 3131; x_wconf 85' lang='lat' dir='ltr'><strong>aries</strong></span> <span class='ocrx_word' id='word_1_281' title='bbox 910 3084 940 3132; x_wconf 84' lang='lat' dir='ltr'><strong>ab</strong></span> <span class='ocrx_word' id='word_1_282' title='bbox 952 3085 1100 3148; x_wconf 84' lang='lat' dir='ltr'><strong>oppugnatis</strong></span> <span class='ocrx_word' id='word_1_283' title='bbox 1109 3086 1148 3132; x_wconf 85' lang='lat' dir='ltr'><strong>vel</strong></span> <span class='ocrx_word' id='word_1_284' title='bbox 1157 3101 1214 3149; x_wconf 85' lang='lat' dir='ltr'><strong>pro·</strong></span> 
     </span>
     <span class='ocr_line' id='line_1_30' title="bbox 88 3161 1215 3228; baseline 0 -16"><span class='ocrx_word' id='word_1_285' title='bbox 88 3163 93 3168; x_wconf 88' lang='grc'><strong>’</strong></span> <span class='ocrx_word' id='word_1_286' title='bbox 150 3163 280 3212; x_wconf 74' lang='grc' dir='ltr'><strong>ιαηιίηίῠω</strong></span> <span class='ocrx_word' id='word_1_287' title='bbox 294 3161 393 3212; x_wconf 80' lang='lat' dir='ltr'><strong>ludicn&#39;s</strong></span> <span class='ocrx_word' id='word_1_288' title='bbox 403 3164 491 3228; x_wconf 71' lang='lat' dir='ltr'><strong>vulgus</strong></span> <span class='ocrx_word' id='word_1_289' title='bbox 503 3163 593 3221; x_wconf 84' lang='lat' dir='ltr'><strong>utitur,</strong></span> <span class='ocrx_word' id='word_1_290' title='bbox 609 3174 657 3211; x_wconf 88' lang='lat' dir='ltr'><strong>etc.</strong></span> <span class='ocrx_word' id='word_1_291' title='bbox 703 3163 881 3228; x_wconf 78' lang='lat' dir='ltr'><strong>pugnatoribus</strong></span> <span class='ocrx_word' id='word_1_292' title='bbox 900 3179 952 3211; x_wconf 89' lang='lat' dir='ltr'><strong>non</strong></span> <span class='ocrx_word' id='word_1_293' title='bbox 972 3163 1048 3212; x_wconf 88' lang='lat' dir='ltr'><strong>modo</strong></span> <span class='ocrx_word' id='word_1_294' title='bbox 1066 3164 1158 3227; x_wconf 79' lang='lat' dir='ltr'><strong>laqueis</strong></span> <span class='ocrx_word' id='word_1_295' title='bbox 1173 3181 1215 3212; x_wconf 85' lang='lat' dir='ltr'><strong>ex-</strong></span> 
     </span>
     <span class='ocr_line' id='line_1_31' title="bbox 148 3231 1213 3310; baseline 0 -18"><span class='ocrx_word' id='word_1_296' title='bbox 148 3244 207 3292; x_wconf 82' lang='lat' dir='ltr'><strong>vide</strong></span> <span class='ocrx_word' id='word_1_297' title='bbox 219 3244 251 3292; x_wconf 78' lang='lat' dir='ltr'><strong>ed</strong></span> <span class='ocrx_word' id='word_1_298' title='bbox 259 3243 337 3292; x_wconf 79' lang='lat' dir='ltr'><strong>Tacit.</strong></span> <span class='ocrx_word' id='word_1_299' title='bbox 353 3245 420 3292; x_wconf 80' lang='lat' dir='ltr'><strong>Anu.</strong></span> <span class='ocrx_word' id='word_1_300' title='bbox 438 3246 464 3302; x_wconf 96' lang='lat' dir='ltr'><strong>I,</strong></span> <span class='ocrx_word' id='word_1_301' title='bbox 484 3245 529 3303; x_wconf 81' lang='lat'><strong>16,</strong></span> <span class='ocrx_word' id='word_1_302' title='bbox 546 3260 571 3292; x_wconf 89' lang='lat' dir='ltr'><strong>n.</strong></span> <span class='ocrx_word' id='word_1_303' title='bbox 587 3245 612 3291; x_wconf 84' lang='lat'><strong>6.</strong></span> <span class='ocrx_word' id='word_1_304' title='bbox 624 3270 660 3278; x_wconf 91' lang='lat'><em>-</em></span> <span class='ocrx_word' id='word_1_305' title='bbox 704 3253 790 3306; x_wconf 85' lang='lat' dir='ltr'><strong>ceptus</strong></span> <span class='ocrx_word' id='word_1_306' title='bbox 803 3242 920 3290; x_wconf 85' lang='lat' dir='ltr'><strong>declinari</strong></span> <span class='ocrx_word' id='word_1_307' title='bbox 937 3231 1004 3307; x_wconf 75' lang='lat' dir='ltr'><strong>(iius</strong></span> <span class='ocrx_word' id='word_1_308' title='bbox 1018 3245 1141 3302; x_wconf 87' lang='lat' dir='ltr'><strong>XXXVI,</strong></span> <span class='ocrx_word' id='word_1_309' title='bbox 1156 3243 1213 3310; x_wconf 73' lang='lat' dir='ltr'><strong>ai),</strong></span> 
     </span>
     <span class='ocr_line' id='line_1_32' title="bbox 148 3321 1214 3389; baseline 0 -19"><span class='ocrx_word' id='word_1_310' title='bbox 148 3324 281 3382; x_wconf 69' lang='lat' dir='ltr'><strong>Ferentio,</strong></span> <span class='ocrx_word' id='word_1_311' title='bbox 293 3325 372 3372; x_wconf 85' lang='lat' dir='ltr'><strong>scribe</strong></span> <span class='ocrx_word' id='word_1_312' title='bbox 378 3323 498 3389; x_wconf 81' lang='lat' dir='ltr'><strong>favendi,</strong></span> <span class='ocrx_word' id='word_1_313' title='bbox 511 3339 545 3372; x_wconf 89' lang='lat' dir='ltr'><strong>se.</strong></span> <span class='ocrx_word' id='word_1_314' title='bbox 559 3322 639 3371; x_wconf 84' lang='lat' dir='ltr'><strong>studio</strong></span> <span class='ocrx_word' id='word_1_315' title='bbox 649 3340 659 3379; x_wconf 78' lang='lat'><strong>,¹</strong></span> <span class='ocrx_word' id='word_1_316' title='bbox 704 3322 747 3370; x_wconf 89' lang='lat' dir='ltr'><strong>sed</strong></span> <span class='ocrx_word' id='word_1_317' title='bbox 761 3322 833 3368; x_wconf 84' lang='lat' dir='ltr'><strong>etlam</strong></span> <span class='ocrx_word' id='word_1_318' title='bbox 843 3321 875 3368; x_wconf 85' lang='lat' dir='ltr'><strong>sd</strong></span> <span class='ocrx_word' id='word_1_319' title='bbox 891 3331 980 3367; x_wconf 84' lang='lat' dir='ltr'><strong>terram</strong></span> <span class='ocrx_word' id='word_1_320' title='bbox 991 3322 1085 3386; x_wconf 78' lang='lat' dir='ltr'><strong>urgeri,</strong></span> <span class='ocrx_word' id='word_1_321' title='bbox 1097 3323 1214 3388; x_wconf 88' lang='lat' dir='ltr'><strong>deprimi,</strong></span> 
     </span>
     <span class='ocr_line' id='line_1_33' title="bbox 148 3398 1215 3463; baseline -0.001 -11"><span class='ocrx_word' id='word_1_322' title='bbox 148 3405 229 3452; x_wconf 85' lang='lat' dir='ltr'><strong>Gron.</strong></span> <span class='ocrx_word' id='word_1_323' title='bbox 241 3406 333 3462; x_wconf 81' lang='lat' dir='ltr'><strong>Recte;</strong></span> <span class='ocrx_word' id='word_1_324' title='bbox 351 3418 399 3451; x_wconf 89' lang='lat' dir='ltr'><strong>nec</strong></span> <span class='ocrx_word' id='word_1_325' title='bbox 411 3403 488 3460; x_wconf 86' lang='lat' dir='ltr'><strong>mule,</strong></span> <span class='ocrx_word' id='word_1_326' title='bbox 506 3403 527 3451; x_wconf 89' lang='lat' dir='ltr'><strong>si</strong></span> <span class='ocrx_word' id='word_1_327' title='bbox 544 3402 660 3451; x_wconf 76' lang='lat' dir='ltr'><strong>dittInxe·</strong></span> <span class='ocrx_word' id='word_1_328' title='bbox 704 3412 746 3448; x_wconf 84' lang='lat' dir='ltr'><strong>aut</strong></span> <span class='ocrx_word' id='word_1_329' title='bbox 759 3401 837 3463; x_wconf 78' lang='lat' dir='ltr'><strong>frangi</strong></span> <span class='ocrx_word' id='word_1_330' title='bbox 848 3398 942 3448; x_wconf 75' lang='lat' dir='ltr'><strong>solebat</strong></span> <span class='ocrx_word' id='word_1_331' title='bbox 953 3400 1062 3449; x_wconf 84' lang='lat' dir='ltr'><strong>trabibus</strong></span> <span class='ocrx_word' id='word_1_332' title='bbox 1074 3405 1215 3452; x_wconf 84' lang='lat' dir='ltr'><strong>transversis</strong></span> 
     </span>
     <span class='ocr_line' id='line_1_34' title="bbox 150 3477 1213 3548; baseline -0.001 -18"><span class='ocrx_word' id='word_1_333' title='bbox 150 3481 184 3528; x_wconf 83' lang='lat' dir='ltr'><strong>ria</strong></span> <span class='ocrx_word' id='word_1_334' title='bbox 196 3493 255 3545; x_wconf 87' lang='lat' dir='ltr'><strong>post</strong></span> <span class='ocrx_word' id='word_1_335' title='bbox 274 3481 358 3530; x_wconf 80' lang='lat' dir='ltr'><strong>utitur.</strong></span> <span class='ocrx_word' id='word_1_336' title='bbox 369 3481 416 3532; x_wconf 86' lang='lat' dir='ltr'><strong>Sed</strong></span> <span class='ocrx_word' id='word_1_337' title='bbox 427 3484 454 3534; x_wconf 77' lang='grc' dir='ltr'><strong>τὸ</strong></span> <span class='ocrx_word' id='word_1_338' title='bbox 459 3480 570 3546; x_wconf 81' lang='lat' dir='ltr'><strong>favendo</strong></span> <span class='ocrx_word' id='word_1_339' title='bbox 587 3483 660 3532; x_wconf 79' lang='lat' dir='ltr'><strong>etiam</strong></span> <span class='ocrx_word' id='word_1_340' title='bbox 704 3477 834 3543; x_wconf 74' lang='lat' dir='ltr'><strong>(stipitibus</strong></span> <span class='ocrx_word' id='word_1_341' title='bbox 843 3479 946 3528; x_wconf 81' lang='lat' dir='ltr'><strong>robustis</strong></span> <span class='ocrx_word' id='word_1_342' title='bbox 955 3481 1103 3540; x_wconf 84' lang='lat' dir='ltr'><strong>XXXVIII,</strong></span> <span class='ocrx_word' id='word_1_343' title='bbox 1113 3482 1138 3539; x_wconf 83' lang='lat'><strong>5,</strong></span> <span class='ocrx_word' id='word_1_344' title='bbox 1151 3498 1176 3540; x_wconf 77' lang='lat' dir='ltr'><strong>n,</strong></span> <span class='ocrx_word' id='word_1_345' title='bbox 1187 3483 1213 3548; x_wconf 83' lang='lat' dir='ltr'><strong>a)</strong></span> 
     </span>
     <span class='ocr_line' id='line_1_35' title="bbox 149 3557 1211 3626; baseline 0.002 -20"><span class='ocrx_word' id='word_1_346' title='bbox 149 3559 180 3607; x_wconf 91' lang='lat' dir='ltr'><strong>ad</strong></span> <span class='ocrx_word' id='word_1_347' title='bbox 190 3575 269 3624; x_wconf 75' lang='lat' dir='ltr'><strong>pravo</strong></span> <span class='ocrx_word' id='word_1_348' title='bbox 281 3561 361 3608; x_wconf 83' lang='lat' dir='ltr'><strong>studio</strong></span> <span class='ocrx_word' id='word_1_349' title='bbox 375 3560 452 3610; x_wconf 84' lang='lat' dir='ltr'><strong>utitur</strong></span> <span class='ocrx_word' id='word_1_350' title='bbox 468 3562 551 3610; x_wconf 81' lang='lat' dir='ltr'><strong>referri</strong></span> <span class='ocrx_word' id='word_1_351' title='bbox 563 3573 657 3626; x_wconf 86' lang='lat' dir='ltr'><strong>potest,</strong></span> <span class='ocrx_word' id='word_1_352' title='bbox 704 3557 832 3622; x_wconf 80' lang='lat' dir='ltr'><strong>grandisve</strong></span> <span class='ocrx_word' id='word_1_353' title='bbox 848 3557 964 3620; x_wconf 76' lang='lat' dir='ltr'><strong>ponderis</strong></span> <span class='ocrx_word' id='word_1_354' title='bbox 980 3559 1043 3606; x_wconf 79' lang='lat' dir='ltr'><strong>suxis</strong></span> <span class='ocrx_word' id='word_1_355' title='bbox 1059 3570 1083 3606; x_wconf 86' lang='lat' dir='ltr'><strong>et</strong></span> <span class='ocrx_word' id='word_1_356' title='bbox 1095 3559 1211 3624; x_wconf 86' lang='lat' dir='ltr'><strong>plumbo,</strong></span> 
     </span>
     <span class='ocr_line' id='line_1_36' title="bbox 149 3636 1213 3705; baseline 0.001 -19"><span class='ocrx_word' id='word_1_357' title='bbox 149 3640 191 3687; x_wconf 87' lang='lat' dir='ltr'><strong>vel</strong></span> <span class='ocrx_word' id='word_1_358' title='bbox 208 3655 252 3703; x_wconf 90' lang='lat' dir='ltr'><strong>per</strong></span> <span class='ocrx_word' id='word_1_359' title='bbox 266 3641 371 3704; x_wconf 88' lang='lat' dir='ltr'><strong>apposit.</strong></span> <span class='ocrx_word' id='word_1_360' title='bbox 385 3641 416 3688; x_wconf 91' lang='lat' dir='ltr'><strong>ad</strong></span> <span class='ocrx_word' id='word_1_361' title='bbox 428 3657 506 3705; x_wconf 80' lang='lat' dir='ltr'><strong>pravo</strong></span> <span class='ocrx_word' id='word_1_362' title='bbox 527 3639 614 3687; x_wconf 85' lang='lat' dir='ltr'><strong>studio.</strong></span> <span class='ocrx_word' id='word_1_363' title='bbox 624 3667 660 3676; x_wconf 96' lang='lat'>—</span> <span class='ocrx_word' id='word_1_364' title='bbox 704 3652 880 3700; x_wconf 85' lang='lat' dir='ltr'><strong>nonnunquam</strong></span> <span class='ocrx_word' id='word_1_365' title='bbox 894 3636 921 3683; x_wconf 90' lang='lat' dir='ltr'><strong>in</strong></span> <span class='ocrx_word' id='word_1_366' title='bbox 937 3637 1040 3685; x_wconf 88' lang='lat' dir='ltr'><strong>trabium</strong></span> <span class='ocrx_word' id='word_1_367' title='bbox 1058 3639 1159 3686; x_wconf 83' lang='lat' dir='ltr'><strong>sormam</strong></span> <span class='ocrx_word' id='word_1_368' title='bbox 1178 3640 1213 3687; x_wconf 87' lang='lat' dir='ltr'><strong>fa-</strong></span> 
     </span>
     <span class='ocr_line' id='line_1_37' title="bbox 149 3716 1212 3784; baseline 0 -18"><span class='ocrx_word' id='word_1_369' title='bbox 149 3717 291 3766; x_wconf 78' lang='lat' dir='ltr'><strong>Hdliartum</strong></span> <span class='ocrx_word' id='word_1_370' title='bbox 302 3719 426 3767; x_wconf 84' lang='lat' dir='ltr'><strong>Lucretius</strong></span> <span class='ocrx_word' id='word_1_371' title='bbox 436 3731 604 3784; x_wconf 74' lang='lat' dir='ltr'><strong>oppugnaret,</strong></span> <span class='ocrx_word' id='word_1_372' title='bbox 615 3723 659 3766; x_wconf 81' lang='lat' dir='ltr'><strong>Im·</strong></span> <span class='ocrx_word' id='word_1_373' title='bbox 704 3727 744 3764; x_wconf 92' lang='lat' dir='ltr'><strong>cto</strong></span> <span class='ocrx_word' id='word_1_374' title='bbox 753 3727 778 3763; x_wconf 89' lang='lat' dir='ltr'><strong>et</strong></span> <span class='ocrx_word' id='word_1_375' title='bbox 788 3716 813 3762; x_wconf 90' lang='lat' dir='ltr'><strong>in</strong></span> <span class='ocrx_word' id='word_1_376' title='bbox 824 3719 924 3762; x_wconf 84' lang='lat' dir='ltr'><strong>massam</strong></span> <span class='ocrx_word' id='word_1_377' title='bbox 934 3716 1070 3780; x_wconf 79' lang='lat' dir='ltr'><strong>longiorem</strong></span> <span class='ocrx_word' id='word_1_378' title='bbox 1081 3718 1212 3780; x_wconf 83' lang='lat' dir='ltr'><strong>producto,</strong></span> 
     </span>
     <span class='ocr_line' id='line_1_38' title="bbox 149 3794 1212 3862; baseline 0.003 -18"><span class='ocrx_word' id='word_1_379' title='bbox 149 3812 191 3844; x_wconf 88' lang='lat' dir='ltr'><strong>mo</strong></span> <span class='ocrx_word' id='word_1_380' title='bbox 203 3798 380 3862; x_wconf 76' lang='lat' dir='ltr'><strong>oppugnabat:</strong></span> <span class='ocrx_word' id='word_1_381' title='bbox 393 3813 446 3845; x_wconf 87' lang='lat' dir='ltr'><strong>nou</strong></span> <span class='ocrx_word' id='word_1_382' title='bbox 458 3798 524 3846; x_wconf 88' lang='lat' dir='ltr'><strong>enim</strong></span> <span class='ocrx_word' id='word_1_383' title='bbox 537 3796 660 3846; x_wconf 87' lang='lat' dir='ltr'><strong>destiterat</strong></span> <span class='ocrx_word' id='word_1_384' title='bbox 704 3811 806 3859; x_wconf 88' lang='lat' dir='ltr'><strong>superne</strong></span> <span class='ocrx_word' id='word_1_385' title='bbox 816 3794 919 3841; x_wconf 87' lang='lat' dir='ltr'><strong>incussis</strong></span> <span class='ocrx_word' id='word_1_386' title='bbox 935 3806 1008 3858; x_wconf 88' lang='lat' dir='ltr'><strong>atque</strong></span> <span class='ocrx_word' id='word_1_387' title='bbox 1022 3795 1124 3844; x_wconf 89' lang='lat' dir='ltr'><strong>libratis.</strong></span> <span class='ocrx_word' id='word_1_388' title='bbox 1139 3798 1212 3848; x_wconf 85' lang='lat' dir='ltr'><strong>Cont.</strong></span> 
     </span>
     <span class='ocr_line' id='line_1_39' title="bbox 149 3863 1291 3940; baseline 0 -16"><span class='ocrx_word' id='word_1_389' title='bbox 149 3877 181 3924; x_wconf 91' lang='lat' dir='ltr'><strong>ab</strong></span> <span class='ocrx_word' id='word_1_390' title='bbox 195 3876 661 3940; x_wconf 79' lang='lat' dir='ltr'><strong>oppugnatIone3Duker.etDrak.-</strong></span> <span class='ocrx_word' id='word_1_391' title='bbox 704 3873 736 3922; x_wconf 87' lang='lat' dir='ltr'><strong>ad</strong></span> <span class='ocrx_word' id='word_1_392' title='bbox 747 3875 844 3926; x_wconf 85' lang='lat' dir='ltr'><strong>XXIV.</strong></span> <span class='ocrx_word' id='word_1_393' title='bbox 859 3875 904 3932; x_wconf 81' lang='lat'><strong>34,</strong></span> <span class='ocrx_word' id='word_1_394' title='bbox 923 3890 948 3923; x_wconf 89' lang='lat' dir='ltr'><strong>u.</strong></span> <span class='ocrx_word' id='word_1_395' title='bbox 968 3876 998 3931; x_wconf 71' lang='lat'><strong>65</strong></span> <span class='ocrx_word' id='word_1_396' title='bbox 1018 3863 1171 3934; x_wconf 87' lang='lat' dir='ltr'><strong>XXXVIII,</strong></span> <span class='ocrx_word' id='word_1_397' title='bbox 1189 3878 1213 3935; x_wconf 82' lang='lat'><strong>5,</strong></span> <span class='ocrx_word' id='word_1_398' title='bbox 1287 3904 1291 3908; x_wconf 92' lang='lat'>-</span> 
     </span>
     <span class='ocr_line' id='line_1_40' title="bbox 149 3952 1212 4016; baseline 0.003 -14"><span class='ocrx_word' id='word_1_399' title='bbox 149 3954 236 4003; x_wconf 82' lang='lat' dir='ltr'><strong>Prima</strong></span> <span class='ocrx_word' id='word_1_400' title='bbox 245 3955 371 4004; x_wconf 79' lang='lat' dir='ltr'><strong>obsidione</strong></span> <span class='ocrx_word' id='word_1_401' title='bbox 375 3975 385 4014; x_wconf 90' lang='lat'><strong>‚·</strong></span> <span class='ocrx_word' id='word_1_402' title='bbox 394 3973 449 4004; x_wconf 90' lang='lat' dir='ltr'><strong>nam</strong></span> <span class='ocrx_word' id='word_1_403' title='bbox 459 3966 515 4003; x_wconf 85' lang='lat' dir='ltr'><strong>ante</strong></span> <span class='ocrx_word' id='word_1_404' title='bbox 523 3955 660 4004; x_wconf 87' lang='lat' dir='ltr'><strong>Lucretium</strong></span> <span class='ocrx_word' id='word_1_405' title='bbox 704 3969 731 4002; x_wconf 87' lang='lat' dir='ltr'><strong>n.</strong></span> <span class='ocrx_word' id='word_1_406' title='bbox 745 3969 771 4011; x_wconf 68' lang='grc' dir='ltr'><strong>α,</strong></span> <span class='ocrx_word' id='word_1_407' title='bbox 783 3952 890 4016; x_wconf 77' lang='lat' dir='ltr'><strong>Appiae.</strong></span> <span class='ocrx_word' id='word_1_408' title='bbox 899 3955 962 3999; x_wconf 88' lang='lat' dir='ltr'><strong>Pun.</strong></span> <span class='ocrx_word' id='word_1_409' title='bbox 976 3953 1020 4012; x_wconf 81' lang='lat'><strong>16;</strong></span> <span class='ocrx_word' id='word_1_410' title='bbox 1029 3952 1094 4016; x_wconf 85' lang='lat' dir='ltr'><strong>lips.</strong></span> <span class='ocrx_word' id='word_1_411' title='bbox 1104 3955 1212 4005; x_wconf 89' lang='lat' dir='ltr'><strong>Poliorc.</strong></span> 
     </span>
     <span class='ocr_line' id='line_1_41' title="bbox 149 4033 773 4098; baseline -0.003 -18"><span class='ocrx_word' id='word_1_412' title='bbox 149 4036 176 4082; x_wconf 92' lang='lat' dir='ltr'><strong>P.</strong></span> <span class='ocrx_word' id='word_1_413' title='bbox 189 4035 305 4082; x_wconf 84' lang='lat' dir='ltr'><strong>Lentulus</strong></span> <span class='ocrx_word' id='word_1_414' title='bbox 317 4035 452 4083; x_wconf 81' lang='lat' dir='ltr'><strong>Haliartum</strong></span> <span class='ocrx_word' id='word_1_415' title='bbox 466 4045 661 4098; x_wconf 69' lang='lat' dir='ltr'><strong>oppugnaverata</strong></span> <span class='ocrx_word' id='word_1_416' title='bbox 706 4034 739 4090; x_wconf 88' lang='lat' dir='ltr'><strong>V,</strong></span> <span class='ocrx_word' id='word_1_417' title='bbox 750 4033 773 4079; x_wconf 86' lang='grc'><strong>8.</strong></span> 
     </span>
    </p>

    <p class='ocr_par' dir='ltr' id='par_1_3' title="bbox 151 4109 1215 4176">
     <span class='ocr_line' id='line_1_42' title="bbox 151 4109 1215 4176; baseline 0.006 -21"><span class='ocrx_word' id='word_1_418' title='bbox 151 4112 200 4160; x_wconf 83' lang='lat' dir='ltr'><strong>vid.</strong></span> <span class='ocrx_word' id='word_1_419' title='bbox 210 4129 264 4176; x_wconf 80' lang='lat' dir='ltr'><strong>cap.</strong></span> <span class='ocrx_word' id='word_1_420' title='bbox 280 4113 322 4161; x_wconf 80' lang='lat'><strong>56.</strong></span> <span class='ocrx_word' id='word_1_421' title='bbox 745 4119 770 4164; x_wconf 77' lang='grc'><strong>4.</strong></span> <span class='ocrx_word' id='word_1_422' title='bbox 784 4109 951 4162; x_wconf 76' lang='lat' dir='ltr'><strong>Tumultuarm</strong></span> <span class='ocrx_word' id='word_1_423' title='bbox 972 4125 1064 4173; x_wconf 76' lang='lat' dir='ltr'><strong>epm,-</strong></span> <span class='ocrx_word' id='word_1_424' title='bbox 1076 4111 1136 4159; x_wconf 72' lang='lat' dir='ltr'><strong>ride</strong></span> <span class='ocrx_word' id='word_1_425' title='bbox 1145 4113 1176 4160; x_wconf 87' lang='lat' dir='ltr'><strong>ad</strong></span> <span class='ocrx_word' id='word_1_426' title='bbox 1189 4117 1215 4175; x_wconf 88' lang='lat' dir='ltr'><strong>l,</strong></span> 
     </span>
    </p>
   </div>
   <div class='ocr_carea' id='block_1_3' title="bbox 0 0 1505 4702">
    <p class='ocr_par' dir='ltr' id='par_1_4' title="bbox 0 0 1505 4702">
     <span class='ocr_line' id='line_1_43' title="bbox 0 0 1505 4702; baseline 0 0"><span class='ocrx_word' id='word_1_427' title='bbox 0 0 1505 4702; x_wconf 95' lang='lat' dir='ltr'><strong> </strong></span> 
     </span>
    </p>
   </div>
  </div>
 </body>
</html>
