2984 4706
270 377 342 450 260·
699 384 735 450 r.
761 384 897 454 mvn
922 367 926 374 ’
1185 371 1212 469 23
1224 370 1305 478 &3232

269 502 309 568 L
335 499 474 571 AErnilio
501 501 671 587 consule,
694 528 715 572 a
741 502 875 598 quibus
900 507 1102 601 praemissus
1122 507 1331 584 tabellarius

270 624 383 696 esset,
402 611 425 680 *.
446 615 538 682 Ante
555 610 651 681 diem
671 626 811 682 sextum
833 613 1006 688 calendas
1027 615 1222 704 Octobrem
1241 618 1331 692 hora

268 717 343 793 iere
368 720 544 807 secunda,
569 721 675 818 iegati
695 721 831 795 Urbem
856 725 1004 819 ingressi
1028 740 1129 812 suut,
1148 729 1330 823 ingentem

268 854 390 903 secum
410 833 693 917 occurrentium,
717 857 947 929 quacumque
970 832 1088 920 ibant,
1109 860 1330 934 prosequen-

267 940 431 1038 tiumque
450 939 632 1018 trahentes
649 940 811 1027 turbam,
830 944 866 1012 in
884 940 1002 1024 iorum
1021 943 1066 1014 ad
1082 944 1240 1017 tribunal
1253 973 1330 1044 per·

268 1064 450 1130 rexerunt.
472 1054 623 1126 Senatus
642 1050 735 1122 forte
753 1053 790 1120 in
807 1053 905 1123 curia
921 1067 1018 1123 erat:
1040 1078 1084 1124 eo
1100 1053 1234 1150 legatos
1249 1081 1330 1126 eon-

267 1160 323 1234 sul
341 1160 552 1242 introduxit.
571 1160 625 1232 Ibi
645 1175 787 1232 tantum
806 1163 979 1258 temporis
999 1165 1148 1249 retenti,
1164 1162 1251 1234 dum
1271 1189 1329 1235 ex·

266 1256 464 1366 ponerent,
485 1286 633 1366 quantae
654 1275 763 1366 regiae
785 1276 900 1367 copioe
910 1271 1077 1367 peditum
1099 1279 1330 1371 equitumque

255 1380 429 1467 fuissent,
450 1397 541 1476 quot
555 1380 671 1450 millia
688 1405 737 1450 ex
754 1380 810 1452 his
828 1405 944 1466 caesa,
965 1397 1055 1477 quat
1071 1399 1177 1478 capta
1183 1387 1329 1474 forem;

265 1515 378 1586 quam
388 1516 596 1587 paucarum
615 1483 766 1562 militam
777 1493 927 1585 jactura
944 1507 1048 1565 tanta
1067 1491 1223 1563 hostiam
1240 1511 1329 1564 stra-

262 1625 325 1694 ges
331 1603 464 1690 facta,·
484 1627 597 1697 quam
614 1607 839 1698 campaneis
857 1603 1111 1696 rexfugisset:
1130 1608 1331 1680 existimari

264 1712 553 1792 Samothraciam
561 1717 778 1809 petiturum,
794 1727 968 1807 paratam
983 1709 1135 1784 classem
1146 1713 1199 1782 ad
1207 1738 1327 1809 perse·

239 1813 241 1820 ’
265 1823 450 1918 quendam
464 1847 561 1893 esse:
580 1847 697 1918 neque
714 1838 825 1908 terra,
847 1845 966 1916 aeque
984 1829 1080 1898 maa·
1095 1821 1327 1920 elabiposse,·

266 1933 390 2002 eadem
409 1931 484 2004 haec
501 1933 608 2029 paulo
626 1946 708 2028 past
727 1933 764 2012 in
784 1931 995 2010 concionem
1016 1929 1197 2027 traducti²
1215 1956 1326 2028 expo·

203 2045 205 2056 '
265 2055 434 2122 suerunt:
451 2055 693 2137 renovataque
710 2041 848 2123 laetitia,
866 2064 980 2136 quum
997 2040 1123 2112 consul
1139 2041 1325 2128 edixisset,

265 2167 307 2220 ut
322 2175 445 2230 omues
463 2153 558 2225 aedes
578 2177 693 2225 sacrae
710 2157 944 2247 aperirentur,
964 2174 1034 2244 pro
1053 2175 1090 2222 se
1108 2152 1263 2246 quisque
1283 2177 1326 2222 ex

264 2262 438 2343 concione
453 2262 497 2333 ad
506 2263 637 2360 gratias
651 2261 805 2358 agendas
816 2263 868 2335 ire
882 2261 948 2331 diis
959 2287 968 2348 3
981 2260 1190 2358 ingentique
1205 2261 1325 2349 turba,

253 2391 340 2443 ‘uon
364 2373 521 2454 virorum
544 2372 673 2457 modo,
696 2373 887 2448 sedetiam
910 2369 1145 2458 feminarum,
1167 2370 1325 2444 conferta

264 2495 340 2551 tota
355 2479 471 2553 urbe³
489 2481 642 2554 deorum
655 2483 912 2553 immortalium
929 2481 1072 2578 templa.
1090 2485 1258 2567 Senatus,
1273 2508 1324 2553 re·

265 2607 410 2664 vocatus
435 2593 476 2678 in
501 2595 659 2680 curiam,
686 2592 989 2690 supplicationeS,
1011 2587 1060 2660 ob
1082 2615 1159 2675 rem
1187 2593 1324 2687 egregie

263 2717 398 2798 gestam
417 2703 463 2776 ab
482 2709 522 2774 L.
549 2703 688 2773 AEmilio
706 2702 873 2788 consule,
893 2702 930 2769 in
952 2700 1116 2797 quinque
1136 2699 1212 2770 dies
1233 2702 1323 2771 circa

262 2813 384 2881 omnia
406 2813 602 2910 pulvinaria
626 2813 804 2895 decrevit,
827 2809 1030 2906 ‘hostiisque
1052 2809 1248 2904 majoribus
1270 2797 1322 2880 sa·

262 2919 413 2996 crificari
432 2923 547 3016 jussit.
576 2927 712 3008 Nares,
732 2947 816 3018 ,quae
837 2923 874 2990 in
898 2918 1018 2992 Tiberi
1040 2935 1170 3015 paratae
1190 2922 1322 2990 instru-

262 3045 399 3128 ctaeque
421 3031 579 3118 stabant,
600 3048 659 3118 ut,
679 3035 707 3101 si
726 3056 789 3101 rex
808 3045 929 3128 posset
947 3030 1130 3116 resistere,
1150 3033 1186 3100 in
1206 3034 1321 3100 Mace·

263 3247 352 3309 quibus
364 3262 409 3309 pro
423 3247 536 3296 militibus
549 3249 667 3312 sociisque
678 3249 771 3296 travali·
817 3247 881 3304 conj.
895 3262 911 3290 a
923 3245 1008 3308 quibus
1017 3244 1156 3307 praemissas
1169 3245 1319 3304 tabellarius,

264 3325 307 3372 bus
326 3325 374 3372 soli
392 3338 556 3376 memorantur
573 3327 633 3376 socii
649 3329 768 3384 navales,
817 3325 938 3373 adessent.
960 3322 1073 3386 sigonius
1093 3333 1117 3370 et
1135 3324 1176 3370 alii
1190 3334 1247 3388 post
1266 3337 1323 3372 esset

266 3401 321 3466 quie
336 3403 424 3452 horum
439 3406 538 3453 nomine
552 3406 694 3454 etismillud
708 3407 771 3452 mili·
818 3405 926 3452 inserunt
944 3401 1075 3450 venissent.
1098 3401 1192 3450 Deinde
1211 3415 1269 3467 post
1287 3403 1322 3450 in-

266 3492 316 3530 tum
329 3497 405 3546 genus
427 3484 640 3547 comprehenditur
654 3483 726 3548 (vide
739 3486 770 3532 ad
812 3481 889 3546 gressi
906 3492 962 3528 sum
979 3480 1097 3528 excidisse
1115 3481 1212 3530 videtur
1228 3493 1266 3538 et,
1283 3493 1322 3530 aut

264 3561 316 3618 IX,
334 3563 381 3620 3⁸,
395 3578 421 3608 u.
436 3560 477 3625 1);
487 3562 534 3612 uisi
550 3580 581 3610 ex
594 3563 684 3622 iisdem
704 3565 772 3612 colli·
815 3560 863 3608 del.
877 3560 904 3611 τὸ
914 3571 978 3607 sinit.

264 3653 319 3702 gere
327 3639 770 3706 maligbistriamilimmgmmffi.
843 3656 867 3688 2.
887 3642 917 3686 Ia
939 3637 1079 3684 concionem
1102 3637 1224 3694 traducti;
1245 3639 1322 3686 Lami

264 3721 370 3781 censeri,
388 3720 474 3770 milites
479 3756 487 3779 ,
502 3721 528 3770 h.
544 3739 566 3770 e.
578 3738 675 3782 omnes,
689 3724 733 3787 qui
745 3724 770 3770 in
810 3719 947 3782 producere
960 3715 989 3764 de
1004 3713 1049 3762 hae
1067 3731 1091 3762 re
1106 3714 1204 3774 dicunt3
1217 3717 1259 3764 sed
1273 3717 1321 3766 vid.

263 3799 367 3846 consulis
384 3800 461 3846 veria
472 3799 617 3863 juraverint,
635 3802 712 3852 socios
725 3820 771 3850 aa·
816 3799 867 3854 111,
879 3799 928 3856 64,
939 3813 965 3843 ¹¹·
979 3811 992 3840 ²
1003 3793 1147 3852 2⁸1W210h·
1159 3795 1259 3844 Efflflssd·
1272 3797 1321 3844 aiv.

265 3874 327 3922 vales
341 3887 365 3924 et
379 3878 518 3942 conjuratos
530 3879 605 3934 aiios,
618 3881 635 3928 i.
650 3898 671 3928 e.
683 3883 771 3930 exerei-
815 3892 873 3938 pag.
890 3877 946 3924 181.
956 3876 1002 3922 an.

265 3963 303 4000 tus
311 3988 318 4010 ,
325 3954 373 4014 jam
384 3957 451 4018 prius
460 3958 612 4021 conscriptos
619 3971 642 4006 et
652 3960 774 4028 Corcyrae
853 3965 877 4010 3.
888 3961 1001 4027 Corrferta
1013 3972 1066 4008 tata
1080 3961 1137 4008 arbe
1150 3977 1185 4008 sc.
1197 3973 1253 4011 suut
1263 3979 1269 4019 ;
1279 3978 1320 4010 nee

264 4031 399 4086 Brundisii,
420 4035 457 4080 ad
475 4052 543 4082 arare
566 4053 677 4100 superam
696 4051 720 4086 et
747 4041 772 4086 ia
818 4059 880 4104 opus
892 4057 947 4090 cum
961 4041 1043 4101 Sigon.
1056 4039 1186 4088 subaudire
1199 4041 1319 4089 adiectae.

265 4125 324 4173 agro
340 4111 449 4158 Larinati
465 4113 600 4176 disparitas.
619 4117 680 4166 Mox
696 4119 772 4166 Grou.
819 4147 852 4157 -
869 4121 940 4168 Circa
960 4119 1041 4166 ornuia
1057 4121 1213 4182 preleinaria5
1234 4121 1321 4179 nav,
