2976 4712
499 361 770 431 LIBRORUM
802 364 940 430 LIVII.
1177 366 1247 448 415

184 481 302 572 cibus
315 507 380 581 per
394 483 615 554 'Vulturnum
631 509 772 555 amnem
788 509 807 555 a
821 487 990 556 Romanis
1004 488 1139 574 missis,
1154 492 1249 560 vixe-

185 595 267 664 rint.
293 597 443 664 Senatus
467 618 510 664 ex
533 596 690 691 equestri
718 593 847 665 ordine
869 594 1079 666 hominibus
1102 612 1247 668 centum

184 708 378 801 nonaginta
391 719 527 801 septem
543 703 753 802 suppletus²
770 718 833 774 est.
849 709 887 774 L.
903 708 1105 776 Postumius
1117 723 1250 804 praetor

185 840 205 885 a
224 815 332 886 Gallis
357 838 439 885 cum
466 816 625 885 exercitu
644 839 754 884 caesus
775 829 836 885 est.
859 819 925 885 Cn.
950 829 985 884 et
1004 819 1040 884 P.
1066 818 1250 914 Scipiones

185 925 222 993 in
232 926 400 1022 Hispania
414 923 673 994 Hasdrubalem
684 927 864 1008 vicerunt,
880 939 915 994 et
931 927 1135 1022 Hispaniam
1149 953 1249 998 suam

186 1031 358 1104 fecerunt.
376 1033 548 1128 Reliquiae
567 1036 764 1105 Cannensis
783 1034 960 1104 exercitus
976 1037 1013 1104 in
1030 1037 1181 1108 Siciliam
1199 1065 1252 1110 re·

186 1143 308 1241 legata
334 1159 439 1231 sunt,
466 1169 511 1214 ne
538 1143 751 1215 recederent
779 1142 884 1228 inde,
912 1145 979 1216 uisi
1007 1143 1112 1215 finito
1139 1145 1249 1217 hello.

186 1260 284 1326 Inter
302 1251 531 1352 Philippum³
553 1253 792 1325 Macedonum
813 1276 935 1350 regem
957 1269 992 1326 et
1010 1255 1248 1328 Hannibalem

186 1367 336 1438 societas
347 1363 474 1457 juncta
486 1379 550 1436 est.
569 1365 802 1462 Sempronius
813 1364 996 1435 Gracchus
1009 1366 1135 1436 consul
1147 1373 1250 1438 Cam-

185 1499 298 1572 panos
311 1475 448 1546 cecidit.
461 1479 631 1546 Praeterea
645 1476 682 1544 in
697 1475 859 1545 Sardinia
875 1473 1057 1546 felicitera
1071 1480 1109 1546 T.
1121 1479 1255 1549 Manlio

186 1601 337 1684 praetore
356 1587 526 1658 adversus
546 1591 676 1656 Poenos
695 1585 900 1682 Sardosque
920 1611 978 1657 res
999 1600 1116 1683 gestas
1137 1591 1251 1658 conti-

186 1711 272 1767 net:
297 1720 317 1767 a
335 1721 411 1794 quo
433 1694 635 1767 Hasdrubal
658 1694 733 1765 dux
760 1710 795 1766 et
818 1699 924 1792 Mago
944 1710 979 1766 et
998 1701 1126 1768 Hanno
1146 1702 1251 1797 capti.

187 1804 357 1876 Claudius
377 1805 566 1876 Marcellus
589 1807 741 1901 praetorl
760 1804 970 1876 Hannibalis
989 1808 1185 1879 exercitum
1206 1810 1252 1882 ad

187 1914 315 1986 Nolam
337 1916 461 2013 praelio
482 1913 576 1986 ludit
595 1930 631 1987 et
649 1916 760 1985 vicit:
785 1916 996 2011 primusque
1019 1932 1073 1988 tot
1091 1918 1252 1990 cladibus

187 2021 286 2096 fessis
305 2027 474 2128 Romanis
494 2025 679 2096 meliorem
699 2048 799 2121 spem
818 2022 906 2094 belli
924 2021 1033 2094 dedit.

435 2240 661 2307 ΕΡΙΤΟΜΕ
692 2239 831 2306 LIBRI
863 2239 1002 2305 XXIV.

234 2417 490 2512 Hieronymus,
507 2419 810 2512 Syracusanorum
825 2437 908 2498 rex,
926 2412 1028 2507 cujus
1044 2437 1131 2484 avus
1146 2419 1252 2488 Hiero

187 2525 322 2594 amicus
341 2525 468 2622 populi
487 2527 627 2595 romani
645 2521 782 2610 fuerat,
802 2521 847 2592 ad
866 2521 1176 2620 Carthaginienses
1194 2527 1253 2598 de·

186 2629 291 2722 fecit;
315 2648 351 2704 et
378 2649 528 2732 propter
554 2631 801 2704 crudelitatem
828 2630 1110 2730 superbiamque
1138 2659 1157 2704 a
1180 2639 1252 2708 suis

186 2741 395 2838 interfectus
421 2758 484 2814 est.
511 2746 561 2813 Ti.
588 2741 824 2839 Sempronius
848 2739 1033 2810 Gracchus
1054 2747 1253 2838 proconsul

187 2877 358 2950 prospere
388 2853 557 2924 adversus
583 2855 713 2922 Poenos
743 2865 779 2920 et
806 2855 1020 2920 Hannonem
1049 2849 1179 2921 ducem
1207 2855 1253 2925 ad

186 2967 431 3033 Beneventum
445 2962 635 3060 pugnavit,
649 2983 834 3030 servorum
849 2959 1004 3028 maxime
1019 2982 1143 3056 opera,
1159 2986 1252 3059 quos

187 3071 323 3144 liberos
345 3097 421 3144 esse
438 3071 553 3167 jussit.
572 3069 741 3142 Claudius
759 3067 948 3138 Marcellus
967 3067 1093 3138 consul
1112 3070 1149 3138 in
1169 3073 1253 3142 Sici·

186 3184 253 3271 lia,
278 3207 357 3280 quae
382 3207 496 3280 prope
522 3177 597 3252 tota
621 3180 666 3250 ad
685 3183 816 3250 Poenos
840 3176 1037 3265 defecerat,
1063 3182 1252 3276 Syracusas

188 3290 339 3364 obsedit.
364 3293 530 3391 Philippo
553 3290 800 3371 Macedonumx
818 3290 895 3385 regi
916 3286 1052 3358 bellurn
1074 3289 1250 3361 indictum

189 3417 262 3488 cst;
282 3407 365 3499 qui,
392 3403 436 3474 ad
459 3401 685 3501 Apolloniam
714 3415 895 3500 nocturno
917 3399 1040 3496 praelio
1061 3424 1253 3497 oppressus

223 3597 247 3628 a.
260 3584 361 3628 Senatus
374 3596 406 3628 ea
419 3580 523 3644 equestri
534 3578 620 3627 ordine
631 3579 694 3626 horr.
739 3578 785 3636 sit3
805 3576 879 3625 Drak.
897 3576 1013 3624 Eamdem
1028 3575 1100 3623 etiam
1118 3576 1248 3625 lectionem
1303 3637 1309 3646 ,

188 3660 301 3708 CXCVII
310 3677 329 3708 s.
343 3660 398 3707 vide
410 3659 442 3707 ad
455 3661 508 3706 Lir.
519 3661 627 3714 xxm,
646 3660 694 3715 23,
738 3657 853 3722 probavit
870 3660 939 3706 Crev.
958 3657 1003 3704 En.

186 3755 211 3786 n.
220 3757 232 3799 7
240 3755 247 3797 ;
256 3737 299 3785 ubi
307 3737 384 3785 varim
392 3739 508 3786 lectiones
514 3736 648 3784 indicamus
655 3751 662 3786 :
669 3739 695 3784 in
776 3739 800 3785 3.
813 3739 881 3784 Inter
892 3735 1040 3798 Philippum.
1049 3769 1054 3780 .
1062 3770 1067 3781 .
1076 3735 1175 3784 ..dedic
1193 3741 1251 3786 Haec

187 3827 256 3864 textu
272 3827 429 3863 numerantur
443 3827 537 3883 tantum
548 3814 693 3863 CLXXVII.
740 3815 813 3864 verba
832 3815 859 3862 in
877 3813 940 3863 MSS
959 3813 1032 3877 longe
1052 3805 1108 3861 ulio¹
1118 3815 1204 3864 ordine
1217 3817 1251 3866 le-

187 3897 232 3943 Er.
245 3921 280 3930 —
293 3895 332 3942 Ne
347 3894 483 3942 recederent
499 3894 572 3950 inde5
591 3893 658 3942 Laid.
670 3906 694 3943 et
740 3907 839 3960 guntur,
853 3908 924 3956 quem
939 3891 1041 3939 mutavit
1052 3892 1138 3940 Aldus.
1153 3897 1198 3942 En.

188 3973 247 4021 Exc.
271 3973 358 4020 Pithoei
378 3972 533 4028 decederent,
553 3988 598 4020 nec
619 3973 695 4034 male,
758 3967 802 4030 14.
815 3971 929 4038 Claudius
941 3971 1069 4019 Marcellus
1077 3984 1179 4036 pretor,
1192 3987 1252 4035 etc,

187 4051 254 4115 quod
265 4051 381 4098 decedere
397 4050 426 4099 de
438 4049 555 4099 militibus
571 4064 602 4098 ex·
613 4053 696 4114 praesi-
741 4053 825 4117 potius
839 4049 935 4099 consul.
953 4051 1023 4099 Cous.
1036 4051 1088 4099 Lir.
1103 4053 1204 4112 axin,
1219 4058 1248 4103 δι

186 4131 228 4179 dio
241 4133 278 4179 vel
290 4132 418 4196 provincia
436 4132 581 4181 abeuntibus
595 4132 696 4180 solenne
740 4143 765 4179 et
780 4140 811 4187 44
829 4149 864 4194 sq.
