2984 4706
607 291 609 298 c
942 265 947 300 i

284 412 354 458 ω
718 384 757 456 Τ.
783 387 913 457 mvn
1198 367 1322 477 ᾒζξςςξῑ

281 534 404 582 rerum
423 519 572 606 poterat.
594 513 738 582 Natura
762 513 908 578 inimica
933 513 1025 578 inter
1044 532 1083 579 se
1100 529 1176 579 esse
1196 509 1351 581 liberam

281 627 456 692 ciuitatem
478 635 515 689 et
532 644 661 715 regem.
684 622 849 716 Singulos
863 618 1046 716 populum
1068 645 1262 690 romanum
1285 649 1352 719 ag·

277 732 396 828 gredi,
411 746 463 817 et,
482 730 585 827 quod
600 730 781 824 indignius
798 735 860 815 stt,
879 749 1003 824 regum
1020 730 1159 800 uiribus
1171 755 1271 827 reges
1287 757 1354 830 op-

273 865 454 939 pugnare.
479 838 605 909 Attalo
629 839 813 934 adjutore,
826 854 974 935 patrem
996 865 1103 910 suum
1125 865 1351 937 oppressum.

281 956 446 1021 Eumene
457 951 653 1044 adjuvante
665 949 872 1045 etquadam
883 966 1043 1045 exparte
1055 956 1165 1020 etiarn
1173 951 1351 1050 Philippo

275 1077 383 1158 putre
394 1085 480 1147 suo,
496 1058 719 1130 Antiochum
732 1059 992 1156 oppugnatum.
1006 1065 1051 1128 In
1064 1085 1212 1131 senune
1225 1079 1263 1131 et
1273 1067 1351 1132 Eu·

280 1196 421 1242 monem
433 1187 469 1240 et
476 1175 645 1240 Prusiam
653 1182 813 1239 armatos
820 1193 905 1239 esse.
916 1171 956 1238 Si
962 1169 1189 1241 Macedoniae
1196 1196 1350 1266 regnum

277 1281 585 1371 sublatumsoret‚
595 1285 811 1376 proximam
824 1284 956 1349 Asiam
972 1304 1047 1350 esse
1055 1308 1068 1366 ,·
1082 1284 1286 1377 quamjam
1300 1308 1351 1352 ex

273 1408 400 1491 porte,
421 1390 489 1460 sub
505 1394 625 1486 specie
644 1388 915 1460 liberandarum
933 1394 1146 1477 civitatium,
1167 1417 1275 1462 suam
1282 1395 1349 1484 fe-

278 1509 410 1574 corint:
426 1502 558 1572 deinde
570 1503 722 1594 Syriam.
743 1505 827 1570 Jorn
847 1505 1015 1570 Prusiam
1035 1505 1196 1572 Eumeni
1209 1503 1351 1575 bonore

270 1616 459 1713 praeferri,
471 1614 558 1707 jam
576 1610 800 1681 Antiochum
824 1615 996 1679 uictorem
1009 1616 1166 1707 praemio
1189 1611 1279 1684 belli
1300 1614 1349 1684 ab

278 1731 437 1821 AEgypto
454 1727 604 1792 arceri&
628 1725 720 1791 Haec
741 1709 957 1816 cogitantem
970 1722 1160 1817 pron'dere
1171 1721 1347 1816 jubebat,

280 1851 321 1906 ut
343 1849 410 1903 out
431 1832 484 1901 ad
496 1855 632 1928 pacem
654 1855 776 1901 secum
787 1831 1004 1921 faciendum
1027 1831 1256 1929 compelleret
1274 1841 1347 1905 lio·

279 1968 421 2029 manoe,
440 1957 510 2012 aut
522 1955 788 2038 perseverantes
811 1947 848 2010 in
873 1939 965 2010 bello
990 1942 1121 2036 injusto
1142 1966 1347 2014 communes

278 2056 426 2126 duceret
442 2058 602 2122 omniurn
620 2075 744 2146 regum
765 2050 893 2121 hostes.
913 2050 968 2121 Ad
987 2051 1206 2122 Antiochum
1224 2070 1347 2152 aperta

280 2163 446 2236 mandata
464 2176 581 2249 erant,
603 2159 647 2230 ad
661 2164 858 2230 Eumenem
873 2183 939 2258 per
952 2160 1109 2258 speciem
1121 2163 1345 2259 captivorum

278 2273 572 2347 redimendorum
587 2272 716 2342 missus
738 2271 873 2367 legatus
887 2285 986 2342 erat:
1006 2295 1132 2342 verum
1150 2273 1346 2343 occultiora

279 2383 442 2483 quaedam
458 2380 666 2479 agebantur,
677 2405 757 2478 quae
771 2382 808 2450 in
822 2381 1010 2478 praesentia
1026 2380 1180 2475 invisum
1196 2381 1345 2477 quidem

280 2511 317 2566 et
331 2506 537 2591 suspectum
550 2491 720 2560 Romanis
731 2494 930 2560 Eumenem
942 2487 1037 2559 salsis
1049 2489 1274 2585 gravioribus
1283 2488 1343 2561 ⁸³.

279 2604 447 2677 Proditor
464 2601 559 2688 enim
583 2624 624 2670 ec
645 2599 759 2698 p'rope
781 2600 895 2671 hostis
917 2599 1077 2684 habitus,
1095 2599 1182 2670 dum
1200 2601 1295 2672 inter
1308 2627 1345 2673 se

282 2717 355 2787 duo
374 2738 476 2810 reges
499 2726 680 2808 captantes
701 2705 827 2780 fraude
848 2725 885 2780 et
903 2711 1048 2780 avaritia
1067 2726 1212 2782 certant.
1231 2711 1345 2808 Cydas

280 2840 357 2897 erat
371 2822 569 2907 Cretensis,
591 2845 635 2890 ex
653 2819 787 2890 intimis
802 2821 993 2890 Eumenis:
1013 2819 1072 2890 hic
1086 2825 1185 2919 prius
1203 2823 1248 2893 ad
1261 2827 1343 2894 Am-

280 2933 456 3034 phipolim
479 2954 560 3000 cum
585 2929 754 2999 Chimaro
779 2927 935 3025 quodam
961 2931 1126 3027 populari
1146 2957 1230 3018 suo,
1250 2933 1344 3003 mili-

280 3059 378 3117 tante
398 3039 494 3140 apud
512 3045 661 3127 Persea,
684 3038 766 3109 inde
784 3054 908 3137 postea
926 3039 970 3109 ad
988 3043 1271 3133 Demetriadem,
1287 3071 1342 3117 se·

280 3157 351 3226 mel
380 3177 461 3223 cum
487 3154 689 3220 Menecrate
714 3149 893 3245 quodam,
922 3151 1052 3219 iterum
1079 3175 1162 3220 cum
1187 3156 1341 3227 Antima-

282 3353 353 3400 disse.
370 3347 441 3395 Coni.
460 3361 515 3393 oum
532 3344 570 3392 his
583 3343 672 3408 Polyb.
683 3343 789 3400 xm,
835 3361 882 3408 pro
903 3345 935 3392 ab
951 3347 1072 3410 AEgepto,
1086 3347 1188 3411 proemt'o
1209 3349 1268 3397 belli
1273 3368 1282 3398 :
1301 3353 1341 3400 sed

264 3417 266 3422 ¹
282 3435 308 3492 3,
327 3446 359 3478 ex
377 3443 426 3491 quo
442 3435 550 3483 constat,
568 3427 693 3480 Perseum,
714 3437 789 3484 qunm
833 3424 915 3472 malim
929 3425 1009 3474 delere
1022 3427 1049 3476 τὸ
1060 3427 1109 3483 ab;
1125 3428 1272 3484 Graue-Id
1284 3448 1341 3480 ron.

281 3510 431 3571 ordinasset,
451 3520 505 3568 quae
522 3520 576 3567 csp.
598 3517 672 3566 praec,
693 3511 789 3548 nauata
833 3503 916 3576 venire
933 3505 968 3551 sit
983 3503 1058 3552 Drak.
1069 3542 1077 3564 ,
1088 3523 1132 3570 per
1139 3508 1271 3570 premium
1288 3512 1344 3560 belli

281 3589 454 3650 sunt,legatos
472 3583 504 3631 sd
519 3585 649 3630 Eumenem
665 3591 690 3627 et
702 3579 789 3627 Antio·
833 3580 1015 3645 intelligendam
1025 3584 1103 3648 ipsam
1111 3587 1342 3650 AEgyptumtseits.

281 3672 354 3720 chum
375 3685 388 3714 a
410 3663 532 3730 prioribus
552 3661 660 3708 diversos
679 3659 788 3706 misisse:
834 3676 880 3721 que
893 3661 987 3719 Gron.‚
995 3663 1099 3732 premio
1113 3663 1170 3713 belli
1183 3669 1240 3731 AEg.
1254 3669 1341 3734 legenti

281 3749 349 3816 quod
366 3763 398 3794 ex
414 3744 452 3790 his
471 3741 533 3789 Livii
545 3736 626 3788 verbis
645 3737 727 3802 colligi
746 3753 787 3785 ne·
831 3752 882 3788 non
891 3739 1109 3805 sdversari3posse
1122 3755 1200 3793 tamen
1209 3747 1283 3794 etism
1294 3750 1339 3797 diri

281 3830 349 3893 quir3
367 3839 441 3889 quum
460 3832 541 3879 tamen
559 3817 689 3866 decadem
706 3831 732 3863 re
749 3818 789 3880 egi
831 3819 959 3881 upramio
969 3821 1033 3877 belli,
1043 3823 1075 3868 ab
1084 3823 1191 3890 AEgrpto
1200 3828 1287 3875 areeri.
1298 3832 1340 3878 En.

282 3905 424 3961 ostendant,
437 3915 491 3962 quae
502 3899 586 3946 Livius
604 3897 634 3944 de
651 3896 710 3943 actis
725 3895 789 3942 inter
869 3900 891 3945 3.
900 3899 1111 3966 Ertmenemfalsis
1121 3920 1191 3967 grav.
1201 3907 1340 3956 criminibus

281 3989 411 4034 Eumenem
427 3989 452 4026 et
463 3977 568 4041 legatum
583 3977 662 4023 Persei
675 3973 787 4023 subdit».
832 3971 964 4026 onerarunt
985 3979 1055 4044 (quae
1075 3997 1135 4030 mox
1157 3985 1338 4052 exponuntur);

282 4063 358 4112 Drak.
369 4085 404 4096 ο
415 4053 534 4119 Subjicere
543 4071 553 4110 ,⁸
563 4053 613 4100 vid.
627 4053 709 4113 1‚59,
720 4069 746 4098 n.
762 4069 786 4113 7.
832 4057 916 4119 Sigon.
930 4057 968 4104 cf.
988 4059 1095 4122 Appian.
1112 4063 1207 4112 Maced.
1224 4065 1301 4122 xv1,
1320 4083 1340 4123 ι,

317 4157 340 4190 n.
353 4132 457 4184 Prnmio
475 4131 532 4179 delli
545 4131 577 4177 ab
591 4131 695 4194 AEgypto
709 4133 790 4179 arceri
832 4136 901 4195 cnjus
911 4147 989 4183 umen
998 4139 1289 4201 srsrratioparitermntiln
1299 4157 1339 4193 est.
