<?xml version="1.0" encoding="UTF-8"?>
<!DOCTYPE html PUBLIC "-//W3C//DTD XHTML 1.0 Transitional//EN"
    "http://www.w3.org/TR/xhtml1/DTD/xhtml1-transitional.dtd">
<html xmlns="http://www.w3.org/1999/xhtml" xml:lang="en" lang="en">
 <head>
  <title>
</title>
<meta http-equiv="Content-Type" content="text/html;charset=utf-8" />
  <meta name='ocr-system' content='tesseract 3.04.00' />
  <meta name='ocr-capabilities' content='ocr_page ocr_carea ocr_par ocr_line ocrx_word'/>
</head>
<body>
  <div class='ocr_page' id='page_1' title='image "./titusliviuspata02freigoog_0232.png"; bbox 0 0 2984 4706; ppageno 0'>
   <div class='ocr_carea' id='block_1_1' title="bbox 207 335 1290 442">
    <p class='ocr_par' dir='ltr' id='par_1_1' title="bbox 207 335 1290 442">
     <span class='ocr_line' id='line_1_1' title="bbox 207 335 1290 442; baseline 0.016 -32"><span class='ocrx_word' id='word_1_1' title='bbox 207 335 335 442; x_wconf 60' lang='lat' dir='ltr'>atil·</span> <span class='ocrx_word' id='word_1_2' title='bbox 421 356 502 422; x_wconf 80' lang='lat' dir='ltr'>tin.</span> <span class='ocrx_word' id='word_1_3' title='bbox 535 355 1073 423; x_wconf 76' lang='lat' dir='ltr'>XLIV.CAP.xx1x.xxx.</span> <span class='ocrx_word' id='word_1_4' title='bbox 1109 415 1114 422; x_wconf 84' lang='lat'><em>.</em></span> <span class='ocrx_word' id='word_1_5' title='bbox 1183 355 1290 425; x_wconf 52' lang='grc' dir='ltr'>πᾶ·</span> 
     </span>
    </p>
   </div>
   <div class='ocr_carea' id='block_1_2' title="bbox 95 473 1353 1126">
    <p class='ocr_par' dir='ltr' id='par_1_2' title="bbox 95 473 1353 1126">
     <span class='ocr_line' id='line_1_2' title="bbox 187 473 1255 573; baseline -0.003 -23"><span class='ocrx_word' id='word_1_6' title='bbox 187 479 368 562; x_wconf 76' lang='lat' dir='ltr'>sabantur.</span> <span class='ocrx_word' id='word_1_7' title='bbox 396 481 575 561; x_wconf 82' lang='lat' dir='ltr'>Antenor,</span> <span class='ocrx_word' id='word_1_8' title='bbox 604 477 720 547; x_wconf 89' lang='lat' dir='ltr'>Persei</span> <span class='ocrx_word' id='word_1_9' title='bbox 746 473 955 573; x_wconf 70' lang='lat' dir='ltr'>prefectus,</span> <span class='ocrx_word' id='word_1_10' title='bbox 980 499 1094 570; x_wconf 91' lang='lat' dir='ltr'>quum</span> <span class='ocrx_word' id='word_1_11' title='bbox 1117 475 1255 572; x_wconf 87' lang='lat' dir='ltr'>aliquas</span> 
     </span>
     <span class='ocr_line' id='line_1_3' title="bbox 187 584 1256 686; baseline -0.002 -26"><span class='ocrx_word' id='word_1_12' title='bbox 187 590 261 660; x_wconf 84' lang='lat' dir='ltr'>alto</span> <span class='ocrx_word' id='word_1_13' title='bbox 285 584 445 686; x_wconf 86' lang='lat' dir='ltr'>praeserri</span> <span class='ocrx_word' id='word_1_14' title='bbox 470 587 651 656; x_wconf 81' lang='lat' dir='ltr'>onerarias</span> <span class='ocrx_word' id='word_1_15' title='bbox 675 596 809 656; x_wconf 84' lang='lat' dir='ltr'>naves²</span> <span class='ocrx_word' id='word_1_16' title='bbox 834 611 880 656; x_wconf 83' lang='lat' dir='ltr'>ex</span> <span class='ocrx_word' id='word_1_17' title='bbox 902 585 1055 681; x_wconf 87' lang='lat' dir='ltr'><strong>speculis</strong></span> <span class='ocrx_word' id='word_1_18' title='bbox 1079 584 1256 682; x_wconf 87' lang='lat' dir='ltr'>significa-</span> 
     </span>
     <span class='ocr_line' id='line_1_4' title="bbox 187 695 1353 795; baseline 0.001 -24"><span class='ocrx_word' id='word_1_19' title='bbox 187 715 267 771; x_wconf 90' lang='lat' dir='ltr'>tum</span> <span class='ocrx_word' id='word_1_20' title='bbox 281 696 376 768; x_wconf 85' lang='lat' dir='ltr'>foret</span> <span class='ocrx_word' id='word_1_21' title='bbox 385 751 395 783; x_wconf 90' lang='lat'>,</span> <span class='ocrx_word' id='word_1_22' title='bbox 415 711 516 794; x_wconf 88' lang='lat' dir='ltr'>parte</span> <span class='ocrx_word' id='word_1_23' title='bbox 533 695 738 767; x_wconf 83' lang='lat' dir='ltr'>lemborum</span> <span class='ocrx_word' id='word_1_24' title='bbox 754 698 830 793; x_wconf 90' lang='lat' dir='ltr'>ipse</span> <span class='ocrx_word' id='word_1_25' title='bbox 845 698 1056 792; x_wconf 89' lang='lat' dir='ltr'>insequens,</span> <span class='ocrx_word' id='word_1_26' title='bbox 1075 712 1176 793; x_wconf 84' lang='lat' dir='ltr'>parte</span> <span class='ocrx_word' id='word_1_27' title='bbox 1190 722 1256 795; x_wconf 89' lang='lat' dir='ltr'>per</span> <span class='ocrx_word' id='word_1_28' title='bbox 1352 769 1353 772; x_wconf 74' lang='grc'>,</span> 
     </span>
     <span class='ocr_line' id='line_1_5' title="bbox 189 806 1256 906; baseline -0.001 -25"><span class='ocrx_word' id='word_1_29' title='bbox 189 808 360 906; x_wconf 86' lang='lat' dir='ltr'>Cycladas</span> <span class='ocrx_word' id='word_1_30' title='bbox 381 806 573 906; x_wconf 87' lang='lat' dir='ltr'>disposita,</span> <span class='ocrx_word' id='word_1_31' title='bbox 598 823 836 904; x_wconf 86' lang='lat' dir='ltr'>praeterquam</span> <span class='ocrx_word' id='word_1_32' title='bbox 857 809 988 904; x_wconf 76' lang='lat' dir='ltr'>siquae</span> <span class='ocrx_word' id='word_1_33' title='bbox 1009 808 1256 880; x_wconf 88' lang='lat' dir='ltr'>Macedoniam</span> 
     </span>
     <span class='ocr_line' id='line_1_6' title="bbox 189 916 1256 1019; baseline -0.001 -28"><span class='ocrx_word' id='word_1_34' title='bbox 189 933 374 1019; x_wconf 90' lang='lat' dir='ltr'>peterent,</span> <span class='ocrx_word' id='word_1_35' title='bbox 396 941 522 994; x_wconf 89' lang='lat' dir='ltr'>omnes</span> <span class='ocrx_word' id='word_1_36' title='bbox 541 932 603 988; x_wconf 90' lang='lat' dir='ltr'>aut</span> <span class='ocrx_word' id='word_1_37' title='bbox 620 916 888 1015; x_wconf 85' lang='lat' dir='ltr'>supprimebat,</span> <span class='ocrx_word' id='word_1_38' title='bbox 911 933 974 988; x_wconf 88' lang='lat' dir='ltr'>aut</span> <span class='ocrx_word' id='word_1_39' title='bbox 997 917 1173 1014; x_wconf 84' lang='lat' dir='ltr'>spoliabat</span> <span class='ocrx_word' id='word_1_40' title='bbox 1194 945 1256 990; x_wconf 87' lang='lat' dir='ltr'>na-</span> 
     </span>
     <span class='ocr_line' id='line_1_7' title="bbox 95 1025 1341 1126; baseline 0.002 -28"><span class='ocrx_word' id='word_1_41' title='bbox 95 1085 99 1090; x_wconf 88' lang='lat'>.</span> <span class='ocrx_word' id='word_1_42' title='bbox 189 1052 262 1098; x_wconf 85' lang='lat' dir='ltr'>ves.</span> <span class='ocrx_word' id='word_1_43' title='bbox 293 1025 436 1116; x_wconf 87' lang='lat' dir='ltr'><strong>Quibus</strong></span> <span class='ocrx_word' id='word_1_44' title='bbox 460 1041 621 1122; x_wconf 82' lang='lat' dir='ltr'>poterat,</span> <span class='ocrx_word' id='word_1_45' title='bbox 654 1025 825 1124; x_wconf 86' lang='lat' dir='ltr'>Popillius</span> <span class='ocrx_word' id='word_1_46' title='bbox 856 1042 917 1098; x_wconf 91' lang='lat' dir='ltr'>aut</span> <span class='ocrx_word' id='word_1_47' title='bbox 951 1030 1120 1098; x_wconf 87' lang='lat' dir='ltr'>Eumenis</span> <span class='ocrx_word' id='word_1_48' title='bbox 1150 1055 1257 1101; x_wconf 89' lang='lat' dir='ltr'>naves</span> <span class='ocrx_word' id='word_1_49' title='bbox 1327 1103 1341 1126; x_wconf 55' lang='grc'><strong>,</strong></span> 
     </span>
    </p>
   </div>
   <div class='ocr_carea' id='block_1_3' title="bbox 190 1127 1373 1237">
    <p class='ocr_par' dir='ltr' id='par_1_3' title="bbox 190 1127 1373 1237">
     <span class='ocr_line' id='line_1_8' title="bbox 190 1127 1373 1237; baseline 0.005 -31"><span class='ocrx_word' id='word_1_50' title='bbox 190 1131 591 1216; x_wconf 72' lang='lat' dir='ltr'>succurrebant³zsed</span> <span class='ocrx_word' id='word_1_51' title='bbox 606 1140 697 1206; x_wconf 89' lang='lat' dir='ltr'>vecti</span> <span class='ocrx_word' id='word_1_52' title='bbox 722 1151 830 1208; x_wconf 86' lang='lat' dir='ltr'>nocte</span> <span class='ocrx_word' id='word_1_53' title='bbox 851 1136 946 1225; x_wconf 85' lang='lat' dir='ltr'>binis</span> <span class='ocrx_word' id='word_1_54' title='bbox 969 1153 1030 1208; x_wconf 90' lang='lat' dir='ltr'>aut</span> <span class='ocrx_word' id='word_1_55' title='bbox 1048 1141 1158 1210; x_wconf 89' lang='lat' dir='ltr'>ternis</span> <span class='ocrx_word' id='word_1_56' title='bbox 1179 1141 1257 1237; x_wconf 87' lang='lat' dir='ltr'>ple·</span> <span class='ocrx_word' id='word_1_57' title='bbox 1361 1127 1373 1140; x_wconf 58' lang='grc'><em>’</em></span> 
     </span>
    </p>
   </div>
   <div class='ocr_carea' id='block_1_4' title="bbox 188 1244 1296 2887">
    <p class='ocr_par' dir='ltr' id='par_1_4' title="bbox 188 1244 1296 2555">
     <span class='ocr_line' id='line_1_9' title="bbox 188 1244 1256 1343; baseline 0.005 -27"><span class='ocrx_word' id='word_1_58' title='bbox 188 1271 346 1343; x_wconf 87' lang='lat' dir='ltr'>rumque</span> <span class='ocrx_word' id='word_1_59' title='bbox 361 1244 490 1328; x_wconf 85' lang='lat' dir='ltr'>lembis</span> <span class='ocrx_word' id='word_1_60' title='bbox 507 1247 722 1318; x_wconf 83' lang='lat' dir='ltr'><strong>Macedones</strong></span> <span class='ocrx_word' id='word_1_61' title='bbox 736 1245 918 1319; x_wconf 85' lang='lat' dir='ltr'>fallebant.</span> <span class='ocrx_word' id='word_1_62' title='bbox 937 1253 1004 1318; x_wconf 90' lang='lat' dir='ltr'>Per</span> <span class='ocrx_word' id='word_1_63' title='bbox 1022 1249 1056 1317; x_wconf 92' lang='lat' dir='ltr'>id</span> <span class='ocrx_word' id='word_1_64' title='bbox 1077 1248 1150 1320; x_wconf 86' lang='lat' dir='ltr'>fere</span> <span class='ocrx_word' id='word_1_65' title='bbox 1166 1264 1256 1321; x_wconf 86' lang='lat' dir='ltr'>tem·</span> 
     </span>
     <span class='ocr_line' id='line_1_10' title="bbox 189 1355 1296 1454; baseline 0.005 -28"><span class='ocrx_word' id='word_1_66' title='bbox 189 1381 260 1454; x_wconf 90' lang='lat' dir='ltr'>pus</span> <span class='ocrx_word' id='word_1_67' title='bbox 281 1356 386 1452; x_wconf 86' lang='lat' dir='ltr'>legati</span> <span class='ocrx_word' id='word_1_68' title='bbox 406 1355 622 1427; x_wconf 87' lang='lat' dir='ltr'><strong>Macedones</strong></span> <span class='ocrx_word' id='word_1_69' title='bbox 644 1355 827 1454; x_wconf 89' lang='lat' dir='ltr'>Illyriique</span> <span class='ocrx_word' id='word_1_70' title='bbox 854 1357 985 1448; x_wconf 74' lang='lat' dir='ltr'>simul‘*</span> <span class='ocrx_word' id='word_1_71' title='bbox 1007 1357 1176 1428; x_wconf 90' lang='lat' dir='ltr'>Rhodum</span> <span class='ocrx_word' id='word_1_72' title='bbox 1197 1385 1257 1432; x_wconf 87' lang='lat' dir='ltr'>ve·</span> <span class='ocrx_word' id='word_1_73' title='bbox 1294 1374 1296 1384; x_wconf 64' lang='lat'><strong><em>⁴</em></strong></span> 
     </span>
     <span class='ocr_line' id='line_1_11' title="bbox 191 1465 1258 1563; baseline 0.005 -27"><span class='ocrx_word' id='word_1_74' title='bbox 191 1481 342 1553; x_wconf 89' lang='lat' dir='ltr'>nerunt,</span> <span class='ocrx_word' id='word_1_75' title='bbox 365 1465 498 1563; x_wconf 89' lang='lat' dir='ltr'>quibus</span> <span class='ocrx_word' id='word_1_76' title='bbox 521 1467 769 1538; x_wconf 88' lang='lat' dir='ltr'>auctoritatem</span> <span class='ocrx_word' id='word_1_77' title='bbox 793 1465 933 1537; x_wconf 86' lang='lat' dir='ltr'>addidit</span> <span class='ocrx_word' id='word_1_78' title='bbox 957 1491 1031 1536; x_wconf 92' lang='lat' dir='ltr'>non</span> <span class='ocrx_word' id='word_1_79' title='bbox 1054 1467 1258 1542; x_wconf 90' lang='lat' dir='ltr'>lemborum</span> 
     </span>
     <span class='ocr_line' id='line_1_12' title="bbox 191 1574 1258 1676; baseline 0.003 -29"><span class='ocrx_word' id='word_1_80' title='bbox 191 1576 303 1647; x_wconf 90' lang='lat' dir='ltr'>modo</span> <span class='ocrx_word' id='word_1_81' title='bbox 328 1575 521 1662; x_wconf 84' lang='lat' dir='ltr'>adventus,</span> <span class='ocrx_word' id='word_1_82' title='bbox 540 1579 669 1673; x_wconf 87' lang='lat' dir='ltr'>passim</span> <span class='ocrx_word' id='word_1_83' title='bbox 697 1600 762 1673; x_wconf 88' lang='lat' dir='ltr'>per</span> <span class='ocrx_word' id='word_1_84' title='bbox 783 1574 951 1672; x_wconf 89' lang='lat' dir='ltr'>Cycladas</span> <span class='ocrx_word' id='word_1_85' title='bbox 972 1592 1081 1673; x_wconf 87' lang='lat' dir='ltr'>atque</span> <span class='ocrx_word' id='word_1_86' title='bbox 1104 1583 1258 1676; x_wconf 86' lang='lat' dir='ltr'>AEgaeum</span> 
     </span>
     <span class='ocr_line' id='line_1_13' title="bbox 191 1684 1257 1786; baseline 0.006 -31"><span class='ocrx_word' id='word_1_87' title='bbox 191 1688 395 1784; x_wconf 76' lang='lat' dir='ltr'>vagantium</span> <span class='ocrx_word' id='word_1_88' title='bbox 423 1711 541 1772; x_wconf 87' lang='lat' dir='ltr'>mare,</span> <span class='ocrx_word' id='word_1_89' title='bbox 565 1684 628 1756; x_wconf 92' lang='lat' dir='ltr'>sed</span> <span class='ocrx_word' id='word_1_90' title='bbox 657 1688 763 1756; x_wconf 87' lang='lat' dir='ltr'>etiam</span> <span class='ocrx_word' id='word_1_91' title='bbox 791 1687 1001 1780; x_wconf 88' lang='lat' dir='ltr'>cunjunctio</span> <span class='ocrx_word' id='word_1_92' title='bbox 1028 1689 1104 1784; x_wconf 90' lang='lat' dir='ltr'>ipsa</span> <span class='ocrx_word' id='word_1_93' title='bbox 1133 1714 1257 1786; x_wconf 85' lang='lat' dir='ltr'>regum</span> 
     </span>
     <span class='ocr_line' id='line_1_14' title="bbox 192 1794 1259 1896; baseline 0.002 -28"><span class='ocrx_word' id='word_1_94' title='bbox 192 1798 310 1870; x_wconf 88' lang='lat' dir='ltr'>Persei</span> <span class='ocrx_word' id='word_1_95' title='bbox 334 1797 547 1892; x_wconf 87' lang='lat' dir='ltr'>Gentiique,</span> <span class='ocrx_word' id='word_1_96' title='bbox 573 1794 724 1866; x_wconf 85' lang='lat' dir='ltr'>etfama</span> <span class='ocrx_word' id='word_1_97' title='bbox 750 1820 833 1866; x_wconf 91' lang='lat' dir='ltr'>cum</span> <span class='ocrx_word' id='word_1_98' title='bbox 860 1819 992 1892; x_wconf 85' lang='lat' dir='ltr'>magno</span> <span class='ocrx_word' id='word_1_99' title='bbox 1019 1821 1172 1868; x_wconf 88' lang='lat' dir='ltr'>numero</span> <span class='ocrx_word' id='word_1_100' title='bbox 1194 1824 1259 1896; x_wconf 89' lang='lat' dir='ltr'>pe-</span> 
     </span>
     <span class='ocr_line' id='line_1_15' title="bbox 192 1905 1257 2005; baseline 0.005 -29"><span class='ocrx_word' id='word_1_101' title='bbox 192 1906 308 1977; x_wconf 89' lang='lat' dir='ltr'>ditum</span> <span class='ocrx_word' id='word_1_102' title='bbox 318 1906 555 2002; x_wconf 90' lang='lat' dir='ltr'>equitumque</span> <span class='ocrx_word' id='word_1_103' title='bbox 568 1906 788 1976; x_wconf 90' lang='lat' dir='ltr'>venientium</span> <span class='ocrx_word' id='word_1_104' title='bbox 800 1905 997 1976; x_wconf 84' lang='lat' dir='ltr'>Gallorum.</span> <span class='ocrx_word' id='word_1_105' title='bbox 1007 1911 1052 1976; x_wconf 91' lang='lat' dir='ltr'>Et</span> <span class='ocrx_word' id='word_1_106' title='bbox 1059 1908 1133 2001; x_wconf 90' lang='lat' dir='ltr'>jam</span> <span class='ocrx_word' id='word_1_107' title='bbox 1144 1934 1257 2005; x_wconf 90' lang='lat' dir='ltr'>quum</span> 
     </span>
     <span class='ocr_line' id='line_1_16' title="bbox 195 2016 1259 2114; baseline 0.004 -28"><span class='ocrx_word' id='word_1_108' title='bbox 195 2018 423 2087; x_wconf 84' lang='lat' dir='ltr'>accessissent</span> <span class='ocrx_word' id='word_1_109' title='bbox 452 2016 561 2085; x_wconf 87' lang='lat' dir='ltr'>animi</span> <span class='ocrx_word' id='word_1_110' title='bbox 590 2017 727 2086; x_wconf 92' lang='lat' dir='ltr'>Dinoni</span> <span class='ocrx_word' id='word_1_111' title='bbox 752 2042 792 2087; x_wconf 88' lang='lat' dir='ltr'>ac</span> <span class='ocrx_word' id='word_1_112' title='bbox 817 2016 1025 2112; x_wconf 87' lang='lat' dir='ltr'>Polyarato,</span> <span class='ocrx_word' id='word_1_113' title='bbox 1052 2020 1115 2114; x_wconf 87' lang='lat' dir='ltr'>qui</span> <span class='ocrx_word' id='word_1_114' title='bbox 1143 2024 1259 2090; x_wconf 88' lang='lat' dir='ltr'>Persei</span> 
     </span>
     <span class='ocr_line' id='line_1_17' title="bbox 194 2125 1258 2226; baseline 0.002 -29"><span class='ocrx_word' id='word_1_115' title='bbox 194 2129 350 2225; x_wconf 87' lang='lat' dir='ltr'>partium</span> <span class='ocrx_word' id='word_1_116' title='bbox 375 2139 499 2209; x_wconf 88' lang='lat' dir='ltr'>erant,</span> <span class='ocrx_word' id='word_1_117' title='bbox 522 2149 595 2195; x_wconf 91' lang='lat' dir='ltr'>non</span> <span class='ocrx_word' id='word_1_118' title='bbox 619 2125 776 2223; x_wconf 84' lang='lat' dir='ltr'>benigne</span> <span class='ocrx_word' id='word_1_119' title='bbox 800 2125 912 2197; x_wconf 88' lang='lat' dir='ltr'>modo</span> <span class='ocrx_word' id='word_1_120' title='bbox 933 2151 1147 2224; x_wconf 90' lang='lat' dir='ltr'>responsum</span> <span class='ocrx_word' id='word_1_121' title='bbox 1169 2132 1258 2226; x_wconf 83' lang='lat' dir='ltr'>regi·</span> 
     </span>
     <span class='ocr_line' id='line_1_18' title="bbox 194 2234 1258 2333; baseline 0.001 -25"><span class='ocrx_word' id='word_1_122' title='bbox 194 2236 264 2308; x_wconf 93' lang='lat' dir='ltr'>bus</span> <span class='ocrx_word' id='word_1_123' title='bbox 280 2251 354 2324; x_wconf 87' lang='lat' dir='ltr'>est,</span> <span class='ocrx_word' id='word_1_124' title='bbox 372 2234 435 2306; x_wconf 90' lang='lat' dir='ltr'>sed</span> <span class='ocrx_word' id='word_1_125' title='bbox 450 2236 567 2332; x_wconf 87' lang='lat' dir='ltr'>palam</span> <span class='ocrx_word' id='word_1_126' title='bbox 583 2238 877 2333; x_wconf 82' lang='lat' dir='ltr'>pronuntiatum,</span> <span class='ocrx_word' id='word_1_127' title='bbox 898 2236 989 2310; x_wconf 87' lang='lat' dir='ltr'>bello</span> <span class='ocrx_word' id='word_1_128' title='bbox 997 2239 1119 2332; x_wconf 84' lang='lat' dir='ltr'>finem</span> <span class='ocrx_word' id='word_1_129' title='bbox 1137 2262 1174 2307; x_wconf 80' lang='lat' dir='ltr'>se</span> <span class='ocrx_word' id='word_1_130' title='bbox 1192 2265 1258 2309; x_wconf 88' lang='lat' dir='ltr'>au·</span> 
     </span>
     <span class='ocr_line' id='line_1_19' title="bbox 195 2352 1259 2444; baseline 0 -25"><span class='ocrx_word' id='word_1_131' title='bbox 195 2354 356 2419; x_wconf 81' lang='lat' dir='ltr'>ctoritate</span> <span class='ocrx_word' id='word_1_132' title='bbox 376 2371 444 2416; x_wconf 85' lang='lat' dir='ltr'>sua</span> <span class='ocrx_word' id='word_1_133' title='bbox 464 2353 693 2442; x_wconf 83' lang='lat' dir='ltr'>imposituros</span> <span class='ocrx_word' id='word_1_134' title='bbox 716 2372 809 2418; x_wconf 81' lang='lat' dir='ltr'>esse:</span> <span class='ocrx_word' id='word_1_135' title='bbox 825 2353 948 2443; x_wconf 82' lang='lat' dir='ltr'>itaque</span> <span class='ocrx_word' id='word_1_136' title='bbox 966 2352 1036 2444; x_wconf 81' lang='lat' dir='ltr'>ipsi</span> <span class='ocrx_word' id='word_1_137' title='bbox 1052 2372 1193 2444; x_wconf 85' lang='lat' dir='ltr'>quoque</span> <span class='ocrx_word' id='word_1_138' title='bbox 1210 2375 1259 2420; x_wconf 88' lang='lat' dir='ltr'>re·</span> 
     </span>
     <span class='ocr_line' id='line_1_20' title="bbox 192 2456 1257 2555; baseline 0.002 -27"><span class='ocrx_word' id='word_1_139' title='bbox 192 2484 256 2554; x_wconf 80' lang='lat' dir='ltr'>ges</span> <span class='ocrx_word' id='word_1_140' title='bbox 273 2483 397 2555; x_wconf 75' lang='lat' dir='ltr'>requos</span> <span class='ocrx_word' id='word_1_141' title='bbox 413 2456 627 2526; x_wconf 81' lang='lat' dir='ltr'>adhiberent</span> <span class='ocrx_word' id='word_1_142' title='bbox 637 2463 780 2527; x_wconf 83' lang='lat' dir='ltr'>animos</span> <span class='ocrx_word' id='word_1_143' title='bbox 795 2459 848 2527; x_wconf 88' lang='lat' dir='ltr'>ad</span> <span class='ocrx_word' id='word_1_144' title='bbox 848 2483 983 2555; x_wconf 84' lang='lat' dir='ltr'>pacem</span> <span class='ocrx_word' id='word_1_145' title='bbox 997 2460 1257 2554; x_wconf 72' lang='lat' dir='ltr'>accipiendam.</span> 
     </span>
    </p>

    <p class='ocr_par' dir='ltr' id='par_1_5' title="bbox 194 2567 1260 2887">
     <span class='ocr_line' id='line_1_21' title="bbox 242 2567 1259 2665; baseline 0.003 -28"><span class='ocrx_word' id='word_1_146' title='bbox 242 2572 351 2638; x_wconf 75' lang='lat' dir='ltr'>xxtt</span> <span class='ocrx_word' id='word_1_147' title='bbox 375 2572 453 2637; x_wconf 87' lang='lat' dir='ltr'>lam</span> <span class='ocrx_word' id='word_1_148' title='bbox 477 2568 569 2638; x_wconf 90' lang='lat' dir='ltr'>veris</span> <span class='ocrx_word' id='word_1_149' title='bbox 592 2568 809 2665; x_wconf 87' lang='lat' dir='ltr'>principium</span> <span class='ocrx_word' id='word_1_150' title='bbox 834 2578 945 2654; x_wconf 86' lang='lat' dir='ltr'>erat¹‚</span> <span class='ocrx_word' id='word_1_151' title='bbox 972 2568 1130 2664; x_wconf 90' lang='lat' dir='ltr'>novique</span> <span class='ocrx_word' id='word_1_152' title='bbox 1150 2567 1259 2642; x_wconf 90' lang='lat' dir='ltr'>duces</span> 
     </span>
     <span class='ocr_line' id='line_1_22' title="bbox 194 2677 1259 2774; baseline 0.003 -27"><span class='ocrx_word' id='word_1_153' title='bbox 194 2679 234 2747; x_wconf 93' lang='lat' dir='ltr'>in</span> <span class='ocrx_word' id='word_1_154' title='bbox 256 2678 475 2774; x_wconf 90' lang='lat' dir='ltr'>provinciam</span> <span class='ocrx_word' id='word_1_155' title='bbox 500 2692 693 2763; x_wconf 86' lang='lat' dir='ltr'>venerant,</span> <span class='ocrx_word' id='word_1_156' title='bbox 715 2677 841 2747; x_wconf 91' lang='lat' dir='ltr'>consul</span> <span class='ocrx_word' id='word_1_157' title='bbox 861 2677 1021 2747; x_wconf 88' lang='lat' dir='ltr'>AEmilius</span> <span class='ocrx_word' id='word_1_158' title='bbox 1038 2679 1076 2746; x_wconf 92' lang='lat' dir='ltr'>in</span> <span class='ocrx_word' id='word_1_159' title='bbox 1092 2681 1259 2750; x_wconf 86' lang='lat' dir='ltr'>Macedo-</span> 
     </span>
     <span class='ocr_line' id='line_1_23' title="bbox 197 2785 1260 2887; baseline 0 -30"><span class='ocrx_word' id='word_1_160' title='bbox 197 2789 309 2874; x_wconf 85' lang='lat' dir='ltr'>niam,</span> <span class='ocrx_word' id='word_1_161' title='bbox 329 2787 499 2887; x_wconf 66' lang='lat' dir='ltr'>Octauius</span> <span class='ocrx_word' id='word_1_162' title='bbox 521 2792 655 2856; x_wconf 86' lang='lat' dir='ltr'>Oreum</span> <span class='ocrx_word' id='word_1_163' title='bbox 677 2785 720 2856; x_wconf 88' lang='lat' dir='ltr'>ad</span> <span class='ocrx_word' id='word_1_164' title='bbox 745 2786 913 2872; x_wconf 79' lang='lat' dir='ltr'>classem,</span> <span class='ocrx_word' id='word_1_165' title='bbox 930 2786 1074 2854; x_wconf 87' lang='lat' dir='ltr'>Anicius</span> <span class='ocrx_word' id='word_1_166' title='bbox 1090 2787 1128 2855; x_wconf 91' lang='lat' dir='ltr'>in</span> <span class='ocrx_word' id='word_1_167' title='bbox 1145 2787 1260 2882; x_wconf 87' lang='lat' dir='ltr'>lllyri-</span> 
     </span>
    </p>
   </div>
   <div class='ocr_carea' id='block_1_5' title="bbox 195 2998 1262 4180">
    <p class='ocr_par' dir='ltr' id='par_1_6' title="bbox 195 2998 1261 3302">
     <span class='ocr_line' id='line_1_24' title="bbox 234 2998 1259 3067; baseline -0.001 -16"><span class='ocrx_word' id='word_1_168' title='bbox 234 3021 258 3052; x_wconf 67' lang='grc' dir='ltr'>ι.</span> <span class='ocrx_word' id='word_1_169' title='bbox 272 3001 387 3067; x_wconf 81' lang='lat' dir='ltr'>Preeserri</span> <span class='ocrx_word' id='word_1_170' title='bbox 398 3000 525 3048; x_wconf 81' lang='lat' dir='ltr'>onerarias</span> <span class='ocrx_word' id='word_1_171' title='bbox 540 3017 626 3058; x_wconf 76' lang='lat' dir='ltr'>naves,</span> <span class='ocrx_word' id='word_1_172' title='bbox 646 3004 708 3050; x_wconf 83' lang='lat' dir='ltr'>sorte</span> <span class='ocrx_word' id='word_1_173' title='bbox 752 3001 820 3058; x_wconf 86' lang='lat' dir='ltr'>mul,</span> <span class='ocrx_word' id='word_1_174' title='bbox 842 3011 888 3048; x_wconf 87' lang='lat' dir='ltr'>etc.</span> <span class='ocrx_word' id='word_1_175' title='bbox 908 3000 1000 3047; x_wconf 87' lang='lat' dir='ltr'>confer.</span> <span class='ocrx_word' id='word_1_176' title='bbox 1015 2998 1102 3061; x_wconf 84' lang='lat' dir='ltr'>Polyb.</span> <span class='ocrx_word' id='word_1_177' title='bbox 1117 3001 1219 3057; x_wconf 79' lang='lat' dir='ltr'>XXIX,</span> <span class='ocrx_word' id='word_1_178' title='bbox 1235 3004 1259 3052; x_wconf 81' lang='lat'>5.</span> 
     </span>
     <span class='ocr_line' id='line_1_25' title="bbox 195 3070 1261 3149; baseline -0.005 -19"><span class='ocrx_word' id='word_1_179' title='bbox 195 3080 354 3149; x_wconf 76' lang='lat' dir='ltr'>proeterveli;</span> <span class='ocrx_word' id='word_1_180' title='bbox 369 3083 447 3128; x_wconf 86' lang='lat' dir='ltr'>Gron.</span> <span class='ocrx_word' id='word_1_181' title='bbox 463 3080 544 3127; x_wconf 87' lang='lat' dir='ltr'>Possis</span> <span class='ocrx_word' id='word_1_182' title='bbox 560 3082 630 3128; x_wconf 78' lang='lat' dir='ltr'>etiam</span> <span class='ocrx_word' id='word_1_183' title='bbox 644 3097 708 3143; x_wconf 84' lang='lat' dir='ltr'>proe-</span> <span class='ocrx_word' id='word_1_184' title='bbox 787 3071 844 3119; x_wconf 73' lang='lat' dir='ltr'>CM*-</span> <span class='ocrx_word' id='word_1_185' title='bbox 861 3073 944 3118; x_wconf 67' lang='lat' dir='ltr'>XXX·</span> <span class='ocrx_word' id='word_1_186' title='bbox 968 3088 990 3118; x_wconf 88' lang='lat'>¹·</span> <span class='ocrx_word' id='word_1_187' title='bbox 1011 3073 1068 3116; x_wconf 65' lang='lat' dir='ltr'>lam</span> <span class='ocrx_word' id='word_1_188' title='bbox 1086 3070 1152 3118; x_wconf 64' lang='lat' dir='ltr'>veris</span> <span class='ocrx_word' id='word_1_189' title='bbox 1168 3072 1261 3134; x_wconf 67' lang='lat' dir='ltr'>pn&#39;nci·</span> 
     </span>
     <span class='ocr_line' id='line_1_26' title="bbox 199 3149 1261 3224; baseline 0 -14"><span class='ocrx_word' id='word_1_190' title='bbox 199 3162 260 3210; x_wconf 81' lang='lat' dir='ltr'>veli.</span> <span class='ocrx_word' id='word_1_191' title='bbox 274 3162 321 3210; x_wconf 85' lang='lat' dir='ltr'>Sed</span> <span class='ocrx_word' id='word_1_192' title='bbox 334 3161 400 3209; x_wconf 85' lang='lat' dir='ltr'>conl.</span> <span class='ocrx_word' id='word_1_193' title='bbox 411 3175 484 3224; x_wconf 84' lang='lat' dir='ltr'>snpra</span> <span class='ocrx_word' id='word_1_194' title='bbox 496 3159 528 3208; x_wconf 82' lang='lat' dir='ltr'>ad</span> <span class='ocrx_word' id='word_1_195' title='bbox 540 3164 565 3217; x_wconf 93' lang='lat'>1,</span> <span class='ocrx_word' id='word_1_196' title='bbox 585 3161 633 3221; x_wconf 72' lang='lat'>45,</span> <span class='ocrx_word' id='word_1_197' title='bbox 646 3177 671 3208; x_wconf 90' lang='lat' dir='ltr'>n.</span> <span class='ocrx_word' id='word_1_198' title='bbox 683 3176 707 3219; x_wconf 87' lang='lat'>7,</span> <span class='ocrx_word' id='word_1_199' title='bbox 750 3150 817 3214; x_wconf 61' lang='lat' dir='ltr'>Pium</span> <span class='ocrx_word' id='word_1_200' title='bbox 831 3162 902 3206; x_wconf 62' lang='lat' dir='ltr'>‘rats&#39;</span> <span class='ocrx_word' id='word_1_201' title='bbox 916 3150 959 3198; x_wconf 62' lang='lat' dir='ltr'>Sed</span> <span class='ocrx_word' id='word_1_202' title='bbox 970 3154 996 3197; x_wconf 75' lang='lat' dir='ltr'>L·</span> <span class='ocrx_word' id='word_1_203' title='bbox 1007 3149 1132 3207; x_wconf 68' lang='lat' dir='ltr'>AEfflffiu⁸s</span> <span class='ocrx_word' id='word_1_204' title='bbox 1147 3167 1202 3214; x_wconf 70' lang='grc' dir='ltr'>οὲΨ·</span> <span class='ocrx_word' id='word_1_205' title='bbox 1221 3168 1261 3214; x_wconf 65' lang='grc'>19,</span> 
     </span>
     <span class='ocr_line' id='line_1_27' title="bbox 199 3227 1261 3302; baseline 0 -24"><span class='ocrx_word' id='word_1_206' title='bbox 199 3243 270 3299; x_wconf 54' lang='lat'>0311,</span> <span class='ocrx_word' id='word_1_207' title='bbox 283 3249 332 3302; x_wconf 53' lang='grc' dir='ltr'>η,</span> <span class='ocrx_word' id='word_1_208' title='bbox 345 3256 370 3289; x_wconf 74' lang='grc' dir='ltr'>ῃ,</span> <span class='ocrx_word' id='word_1_209' title='bbox 386 3241 409 3288; x_wconf 79' lang='lat'>3,</span> <span class='ocrx_word' id='word_1_210' title='bbox 752 3229 886 3293; x_wconf 86' lang='lat' dir='ltr'>promittit,</span> <span class='ocrx_word' id='word_1_211' title='bbox 904 3243 986 3276; x_wconf 86' lang='lat' dir='ltr'>mense</span> <span class='ocrx_word' id='word_1_212' title='bbox 998 3227 1078 3292; x_wconf 76' lang='lat' dir='ltr'>Aprili</span> <span class='ocrx_word' id='word_1_213' title='bbox 1095 3245 1121 3275; x_wconf 86' lang='lat' dir='ltr'>se</span> <span class='ocrx_word' id='word_1_214' title='bbox 1139 3231 1261 3278; x_wconf 83' lang='lat' dir='ltr'>exiturum</span> 
     </span>
    </p>

    <p class='ocr_par' dir='ltr' id='par_1_7' title="bbox 200 3305 1262 4094">
     <span class='ocr_line' id='line_1_28' title="bbox 237 3305 1261 3384; baseline -0.012 -18"><span class='ocrx_word' id='word_1_215' title='bbox 237 3323 260 3369; x_wconf 83' lang='lat'>3.</span> <span class='ocrx_word' id='word_1_216' title='bbox 281 3321 370 3383; x_wconf 79' lang='lat' dir='ltr'>Quibus</span> <span class='ocrx_word' id='word_1_217' title='bbox 379 3330 491 3384; x_wconf 78' lang='lat' dir='ltr'>poterae,</span> <span class='ocrx_word' id='word_1_218' title='bbox 513 3315 644 3382; x_wconf 80' lang='lat' dir='ltr'>Popillius,</span> <span class='ocrx_word' id='word_1_219' title='bbox 665 3329 711 3364; x_wconf 82' lang='lat' dir='ltr'>aut</span> <span class='ocrx_word' id='word_1_220' title='bbox 752 3309 834 3356; x_wconf 84' lang='lat' dir='ltr'>Urbe:</span> <span class='ocrx_word' id='word_1_221' title='bbox 848 3323 907 3372; x_wconf 80' lang='lat' dir='ltr'>ergo</span> <span class='ocrx_word' id='word_1_222' title='bbox 919 3306 983 3354; x_wconf 80' lang='lat' dir='ltr'>veris·</span> <span class='ocrx_word' id='word_1_223' title='bbox 991 3305 1115 3370; x_wconf 83' lang='lat' dir='ltr'>principio</span> <span class='ocrx_word' id='word_1_224' title='bbox 1124 3306 1151 3353; x_wconf 85' lang='lat' dir='ltr'>ln</span> <span class='ocrx_word' id='word_1_225' title='bbox 1159 3310 1261 3370; x_wconf 87' lang='lat' dir='ltr'>provin-</span> 
     </span>
     <span class='ocr_line' id='line_1_29' title="bbox 200 3386 1261 3460; baseline -0.002 -22"><span class='ocrx_word' id='word_1_226' title='bbox 200 3400 313 3448; x_wconf 58' lang='lat' dir='ltr'>Eumenis</span> <span class='ocrx_word' id='word_1_227' title='bbox 329 3415 402 3446; x_wconf 67' lang='lat' dir='ltr'>mm</span> <span class='ocrx_word' id='word_1_228' title='bbox 417 3398 590 3448; x_wconf 59' lang='lat' dir='ltr'>,accumbam</span> <span class='ocrx_word' id='word_1_229' title='bbox 610 3397 709 3460; x_wconf 59' lang='lat' dir='ltr'>reposui</span> <span class='ocrx_word' id='word_1_230' title='bbox 753 3391 814 3436; x_wconf 81' lang='lat' dir='ltr'>ciam</span> <span class='ocrx_word' id='word_1_231' title='bbox 826 3387 908 3434; x_wconf 82' lang='lat' dir='ltr'>venire</span> <span class='ocrx_word' id='word_1_232' title='bbox 920 3402 970 3434; x_wconf 90' lang='lat' dir='ltr'>non</span> <span class='ocrx_word' id='word_1_233' title='bbox 985 3386 1079 3450; x_wconf 86' lang='lat' dir='ltr'>potuit,</span> <span class='ocrx_word' id='word_1_234' title='bbox 1094 3401 1123 3432; x_wconf 82' lang='lat' dir='ltr'>ec</span> <span class='ocrx_word' id='word_1_235' title='bbox 1139 3387 1204 3435; x_wconf 83' lang='lat' dir='ltr'>forte</span> <span class='ocrx_word' id='word_1_236' title='bbox 1214 3388 1261 3452; x_wconf 83' lang='lat' dir='ltr'>leg.</span> 
     </span>
     <span class='ocr_line' id='line_1_30' title="bbox 200 3466 1262 3545; baseline -0.002 -28"><span class='ocrx_word' id='word_1_237' title='bbox 200 3495 246 3545; x_wconf 64' lang='lat' dir='ltr'>pro</span> <span class='ocrx_word' id='word_1_238' title='bbox 262 3479 423 3526; x_wconf 64' lang='lat' dir='ltr'>succumbat,</span> <span class='ocrx_word' id='word_1_239' title='bbox 443 3480 515 3525; x_wconf 64' lang='lat' dir='ltr'>Forte</span> <span class='ocrx_word' id='word_1_240' title='bbox 536 3488 561 3524; x_wconf 70' lang='lat' dir='ltr'>et</span> <span class='ocrx_word' id='word_1_241' title='bbox 577 3476 625 3538; x_wconf 73' lang='lat' dir='ltr'>leg,</span> <span class='ocrx_word' id='word_1_242' title='bbox 639 3488 709 3540; x_wconf 71' lang='lat' dir='ltr'>pote.</span> <span class='ocrx_word' id='word_1_243' title='bbox 747 3467 804 3533; x_wconf 84' lang='lat' dir='ltr'>jam</span> <span class='ocrx_word' id='word_1_244' title='bbox 827 3483 872 3514; x_wconf 82' lang='lat' dir='ltr'>ver</span> <span class='ocrx_word' id='word_1_245' title='bbox 888 3481 996 3529; x_wconf 83' lang='lat' dir='ltr'>proeceps</span> <span class='ocrx_word' id='word_1_246' title='bbox 1019 3476 1085 3521; x_wconf 82' lang='lat' dir='ltr'>erat,</span> <span class='ocrx_word' id='word_1_247' title='bbox 1108 3475 1132 3512; x_wconf 87' lang='lat' dir='ltr'>et</span> <span class='ocrx_word' id='word_1_248' title='bbox 1153 3466 1262 3515; x_wconf 88' lang='lat' dir='ltr'>similiter</span> 
     </span>
     <span class='ocr_line' id='line_1_31' title="bbox 201 3544 1262 3612; baseline -0.016 -7"><span class='ocrx_word' id='word_1_249' title='bbox 201 3570 259 3606; x_wconf 79' lang='lat' dir='ltr'>rans</span> <span class='ocrx_word' id='word_1_250' title='bbox 270 3574 325 3604; x_wconf 85' lang='lat' dir='ltr'>cnm</span> <span class='ocrx_word' id='word_1_251' title='bbox 338 3558 447 3604; x_wconf 85' lang='lat' dir='ltr'>Gronov.</span> <span class='ocrx_word' id='word_1_252' title='bbox 463 3557 529 3606; x_wconf 86' lang='lat' dir='ltr'>Idem</span> <span class='ocrx_word' id='word_1_253' title='bbox 543 3555 646 3604; x_wconf 80' lang='lat' dir='ltr'>malebat</span> <span class='ocrx_word' id='word_1_254' title='bbox 659 3571 709 3602; x_wconf 86' lang='lat' dir='ltr'>suc·</span> <span class='ocrx_word' id='word_1_255' title='bbox 753 3563 807 3612; x_wconf 69' lang='lat' dir='ltr'>cap·</span> <span class='ocrx_word' id='word_1_256' title='bbox 818 3549 850 3601; x_wconf 72' lang='lat'>³4</span> <span class='ocrx_word' id='word_1_257' title='bbox 862 3558 924 3594; x_wconf 86' lang='lat' dir='ltr'>extr.</span> <span class='ocrx_word' id='word_1_258' title='bbox 935 3560 994 3592; x_wconf 75' lang='lat' dir='ltr'>vere</span> <span class='ocrx_word' id='word_1_259' title='bbox 1002 3544 1126 3608; x_wconf 66' lang='lat' dir='ltr'>precipiti</span> <span class='ocrx_word' id='word_1_260' title='bbox 1138 3561 1184 3608; x_wconf 86' lang='lat' dir='ltr'>pro</span> <span class='ocrx_word' id='word_1_261' title='bbox 1197 3546 1262 3593; x_wconf 76' lang='lat' dir='ltr'>veris</span> 
     </span>
     <span class='ocr_line' id='line_1_32' title="bbox 201 3623 1261 3693; baseline -0.01 -8"><span class='ocrx_word' id='word_1_262' title='bbox 201 3637 341 3692; x_wconf 79' lang='lat' dir='ltr'>currebant,</span> <span class='ocrx_word' id='word_1_263' title='bbox 353 3637 397 3683; x_wconf 81' lang='lat' dir='ltr'>sed</span> <span class='ocrx_word' id='word_1_264' title='bbox 410 3635 534 3693; x_wconf 75' lang='lat' dir='ltr'>incordiu5</span> <span class='ocrx_word' id='word_1_265' title='bbox 548 3646 619 3682; x_wconf 81' lang='lat' dir='ltr'>nocte</span> <span class='ocrx_word' id='word_1_266' title='bbox 631 3633 706 3690; x_wconf 84' lang='lat' dir='ltr'>binis,</span> <span class='ocrx_word' id='word_1_267' title='bbox 751 3625 889 3690; x_wconf 66' lang='lat' dir='ltr'>prinsslpl&#39;vs·</span> <span class='ocrx_word' id='word_1_268' title='bbox 900 3623 1090 3690; x_wconf 70' lang='lat' dir='ltr'>Gf⁰³·Vid·‚1V‚</span> <span class='ocrx_word' id='word_1_269' title='bbox 1100 3638 1125 3684; x_wconf 77' lang='lat'>9·</span> <span class='ocrx_word' id='word_1_270' title='bbox 1135 3640 1159 3670; x_wconf 84' lang='lat'>¹1·</span> <span class='ocrx_word' id='word_1_271' title='bbox 1173 3626 1197 3670; x_wconf 74' lang='lat'>6·</span> <span class='ocrx_word' id='word_1_272' title='bbox 1207 3629 1261 3674; x_wconf 87' lang='lat' dir='ltr'>Hoc</span> 
     </span>
     <span class='ocr_line' id='line_1_33' title="bbox 201 3701 1262 3767; baseline 0 -16"><span class='ocrx_word' id='word_1_273' title='bbox 201 3730 247 3767; x_wconf 60' lang='lat' dir='ltr'>etc,</span> <span class='ocrx_word' id='word_1_274' title='bbox 257 3719 291 3766; x_wconf 56' lang='lat' dir='ltr'>A,</span> <span class='ocrx_word' id='word_1_275' title='bbox 300 3715 371 3763; x_wconf 59' lang='lat' dir='ltr'>verba</span> <span class='ocrx_word' id='word_1_276' title='bbox 381 3716 425 3762; x_wconf 61' lang='lat' dir='ltr'>„d</span> <span class='ocrx_word' id='word_1_277' title='bbox 431 3715 497 3763; x_wconf 47' lang='grc' dir='ltr'>καί</span> <span class='ocrx_word' id='word_1_278' title='bbox 504 3727 574 3762; x_wconf 63' lang='lat'><em>„0030</em></span> <span class='ocrx_word' id='word_1_279' title='bbox 583 3713 641 3761; x_wconf 54' lang='lat' dir='ltr'>„fig</span> <span class='ocrx_word' id='word_1_280' title='bbox 650 3712 711 3760; x_wconf 67' lang='lat' dir='ltr'>indi.</span> <span class='ocrx_word' id='word_1_281' title='bbox 753 3722 805 3753; x_wconf 87' lang='lat' dir='ltr'>non</span> <span class='ocrx_word' id='word_1_282' title='bbox 816 3704 847 3752; x_wconf 79' lang='lat' dir='ltr'>sd</span> <span class='ocrx_word' id='word_1_283' title='bbox 856 3704 914 3750; x_wconf 84' lang='lat' dir='ltr'>anni</span> <span class='ocrx_word' id='word_1_284' title='bbox 929 3702 1036 3757; x_wconf 76' lang='lat' dir='ltr'>lullum,</span> <span class='ocrx_word' id='word_1_285' title='bbox 1049 3701 1091 3748; x_wconf 88' lang='lat' dir='ltr'>sed</span> <span class='ocrx_word' id='word_1_286' title='bbox 1106 3703 1193 3749; x_wconf 78' lang='lat' dir='ltr'>soteris</span> <span class='ocrx_word' id='word_1_287' title='bbox 1204 3706 1262 3751; x_wconf 81' lang='lat' dir='ltr'>anni</span> 
     </span>
     <span class='ocr_line' id='line_1_34' title="bbox 201 3779 1262 3858; baseline -0.013 -12"><span class='ocrx_word' id='word_1_288' title='bbox 201 3808 271 3855; x_wconf 76' lang='lat' dir='ltr'>cant,</span> <span class='ocrx_word' id='word_1_289' title='bbox 291 3795 372 3858; x_wconf 77' lang='lat' dir='ltr'>priora</span> <span class='ocrx_word' id='word_1_290' title='bbox 391 3794 500 3842; x_wconf 82' lang='lat' dir='ltr'>interdiu</span> <span class='ocrx_word' id='word_1_291' title='bbox 522 3805 588 3857; x_wconf 79' lang='lat' dir='ltr'>gasts</span> <span class='ocrx_word' id='word_1_292' title='bbox 608 3805 672 3839; x_wconf 83' lang='lat' dir='ltr'>esse:</span> <span class='ocrx_word' id='word_1_293' title='bbox 689 3792 708 3838; x_wconf 84' lang='lat' dir='ltr'>si</span> <span class='ocrx_word' id='word_1_294' title='bbox 754 3785 847 3833; x_wconf 80' lang='lat' dir='ltr'>romani</span> <span class='ocrx_word' id='word_1_295' title='bbox 874 3784 978 3830; x_wconf 84' lang='lat' dir='ltr'>rationes</span> <span class='ocrx_word' id='word_1_296' title='bbox 996 3779 1141 3844; x_wconf 66' lang='lat' dir='ltr'>algendum</span> <span class='ocrx_word' id='word_1_297' title='bbox 1159 3779 1262 3844; x_wconf 85' lang='lat' dir='ltr'>putabat</span> 
     </span>
     <span class='ocr_line' id='line_1_35' title="bbox 202 3859 1262 3939; baseline -0.011 -16"><span class='ocrx_word' id='word_1_298' title='bbox 202 3875 339 3939; x_wconf 77' lang='lat' dir='ltr'>quidvem</span> <span class='ocrx_word' id='word_1_299' title='bbox 363 3873 519 3931; x_wconf 81' lang='lat' dir='ltr'>mutandum,</span> <span class='ocrx_word' id='word_1_300' title='bbox 537 3871 619 3920; x_wconf 77' lang='lat' dir='ltr'>malim</span> <span class='ocrx_word' id='word_1_301' title='bbox 637 3870 711 3918; x_wconf 79' lang='lat' dir='ltr'>erecti</span> <span class='ocrx_word' id='word_1_302' title='bbox 754 3863 874 3914; x_wconf 85' lang='lat' dir='ltr'>Dodwell.</span> <span class='ocrx_word' id='word_1_303' title='bbox 901 3862 927 3908; x_wconf 91' lang='lat' dir='ltr'>in</span> <span class='ocrx_word' id='word_1_304' title='bbox 948 3860 1062 3926; x_wconf 81' lang='lat' dir='ltr'>Append.</span> <span class='ocrx_word' id='word_1_305' title='bbox 1083 3859 1153 3908; x_wconf 81' lang='lat' dir='ltr'>Prael.</span> <span class='ocrx_word' id='word_1_306' title='bbox 1176 3862 1262 3911; x_wconf 78' lang='lat' dir='ltr'>Cumd.</span> 
     </span>
     <span class='ocr_line' id='line_1_36' title="bbox 203 3939 1261 4016; baseline -0.018 -14"><span class='ocrx_word' id='word_1_307' title='bbox 203 3966 288 4010; x_wconf 79' lang='lat' dir='ltr'>nocte,</span> <span class='ocrx_word' id='word_1_308' title='bbox 301 3969 335 4000; x_wconf 83' lang='lat' dir='ltr'>sc.</span> <span class='ocrx_word' id='word_1_309' title='bbox 350 3952 431 4000; x_wconf 78' lang='lat' dir='ltr'>lunim</span> <span class='ocrx_word' id='word_1_310' title='bbox 445 3963 559 4016; x_wconf 86' lang='lat' dir='ltr'>eportu;</span> <span class='ocrx_word' id='word_1_311' title='bbox 572 3950 662 3998; x_wconf 81' lang='lat' dir='ltr'>Duker.</span> <span class='ocrx_word' id='word_1_312' title='bbox 675 3977 710 3988; x_wconf 89' lang='lat'>--</span> <span class='ocrx_word' id='word_1_313' title='bbox 754 3963 808 4012; x_wconf 83' lang='lat' dir='ltr'>pag.</span> <span class='ocrx_word' id='word_1_314' title='bbox 830 3944 893 4006; x_wconf 71' lang='lat'>755,</span> <span class='ocrx_word' id='word_1_315' title='bbox 910 3952 934 3989; x_wconf 69' lang='lat' dir='ltr'>et</span> <span class='ocrx_word' id='word_1_316' title='bbox 952 3941 983 3988; x_wconf 82' lang='lat' dir='ltr'>de</span> <span class='ocrx_word' id='word_1_317' title='bbox 1002 3939 1101 4004; x_wconf 81' lang='lat' dir='ltr'>Cycb&#39;s,</span> <span class='ocrx_word' id='word_1_318' title='bbox 1121 3941 1158 4002; x_wconf 80' lang='lat' dir='ltr'>X,</span> <span class='ocrx_word' id='word_1_319' title='bbox 1173 3957 1212 3988; x_wconf 70' lang='grc' dir='ltr'>ια,</span> <span class='ocrx_word' id='word_1_320' title='bbox 1227 3970 1261 3978; x_wconf 83' lang='grc'>.-</span> 
     </span>
     <span class='ocr_line' id='line_1_37' title="bbox 204 4019 1262 4094; baseline -0.009 -18"><span class='ocrx_word' id='word_1_321' title='bbox 204 4033 347 4089; x_wconf 77' lang='lat' dir='ltr'>Fallebane‚·</span> <span class='ocrx_word' id='word_1_322' title='bbox 363 4031 417 4094; x_wconf 74' lang='lat' dir='ltr'>vjde</span> <span class='ocrx_word' id='word_1_323' title='bbox 428 4032 459 4079; x_wconf 78' lang='lat' dir='ltr'>ad</span> <span class='ocrx_word' id='word_1_324' title='bbox 473 4035 602 4094; x_wconf 67' lang='lat' dir='ltr'>111,8‚n.</span> <span class='ocrx_word' id='word_1_325' title='bbox 616 4047 639 4078; x_wconf 76' lang='lat'>2.</span> <span class='ocrx_word' id='word_1_326' title='bbox 757 4024 868 4074; x_wconf 77' lang='lat' dir='ltr'>Octauius</span> <span class='ocrx_word' id='word_1_327' title='bbox 882 4025 969 4068; x_wconf 79' lang='lat' dir='ltr'>Oreum</span> <span class='ocrx_word' id='word_1_328' title='bbox 983 4019 1019 4067; x_wconf 78' lang='lat' dir='ltr'>ad</span> <span class='ocrx_word' id='word_1_329' title='bbox 1032 4020 1132 4067; x_wconf 79' lang='lat' dir='ltr'>classem</span> <span class='ocrx_word' id='word_1_330' title='bbox 1139 4038 1149 4075; x_wconf 90' lang='lat'><em>;</em></span> <span class='ocrx_word' id='word_1_331' title='bbox 1166 4021 1220 4068; x_wconf 85' lang='lat' dir='ltr'>vide</span> <span class='ocrx_word' id='word_1_332' title='bbox 1231 4022 1262 4069; x_wconf 81' lang='lat' dir='ltr'>ad</span> 
     </span>
    </p>

    <p class='ocr_par' dir='ltr' id='par_1_8' title="bbox 240 4101 946 4180">
     <span class='ocr_line' id='line_1_38' title="bbox 240 4101 946 4180; baseline -0.006 -18"><span class='ocrx_word' id='word_1_333' title='bbox 240 4121 263 4169; x_wconf 75' lang='lat' dir='ltr'>l.</span> <span class='ocrx_word' id='word_1_334' title='bbox 278 4113 365 4180; x_wconf 72' lang='lat' dir='ltr'>Legati</span> <span class='ocrx_word' id='word_1_335' title='bbox 378 4113 523 4162; x_wconf 78' lang='lat' dir='ltr'>Macedones</span> <span class='ocrx_word' id='word_1_336' title='bbox 539 4111 662 4175; x_wconf 74' lang='lat' dir='ltr'>Illyriique</span> <span class='ocrx_word' id='word_1_337' title='bbox 683 4110 713 4157; x_wconf 84' lang='lat' dir='ltr'>si·</span> <span class='ocrx_word' id='word_1_338' title='bbox 757 4121 811 4167; x_wconf 69' lang='lat' dir='ltr'>cap·</span> <span class='ocrx_word' id='word_1_339' title='bbox 826 4106 869 4158; x_wconf 66' lang='lat'>13,</span> <span class='ocrx_word' id='word_1_340' title='bbox 880 4118 905 4149; x_wconf 85' lang='lat'>¹¹·</span> <span class='ocrx_word' id='word_1_341' title='bbox 923 4101 946 4146; x_wconf 82' lang='lat'>5·</span> 
     </span>
    </p>
   </div>
   <div class='ocr_carea' id='block_1_6' title="bbox 0 0 1510 4706">
    <p class='ocr_par' dir='ltr' id='par_1_9' title="bbox 0 0 1510 4706">
     <span class='ocr_line' id='line_1_39' title="bbox 0 0 1510 4706; baseline 0 0"><span class='ocrx_word' id='word_1_342' title='bbox 0 0 1510 4706; x_wconf 95' lang='lat' dir='ltr'> </span> 
     </span>
    </p>
   </div>
  </div>
 </body>
</html>
