2972 4720
238 418 279 462 ιο
647 399 684 462 a.
720 398 863 465 L1v11
1145 379 1208 480 3ng
1222 383 1269 494 2331

231 539 314 586 eum
333 541 404 613 per
427 522 605 586 sociorum
629 516 752 603 urbes,
779 517 980 587 diruentem
1001 517 1134 615 templo
1155 519 1297 590 nudun-

231 640 374 722 temque
388 639 484 700 tectu
502 627 638 698 tedium
657 651 865 712 sacrorum,
886 634 1035 723 vagari,
1055 644 1109 712 et,
1129 627 1244 725 quod,
1264 637 1299 700 si

231 739 268 802 in
278 741 429 831 priuatis
441 742 620 806 sociorum
636 737 962 832 aedificiissoeeret,
977 738 1164 834 indignum
1179 740 1298 810 videri

225 860 364 938 posset,
385 845 426 914 id
436 845 545 916 deum
559 846 816 917 immortalium
829 846 963 944 templo
976 847 1226 920 demolientem
1231 851 1295 940 fla-

230 977 331 1039 cere,·
358 970 394 1024 et
419 955 637 1052 obstringere
663 959 833 1052 religione
849 955 1054 1055 populum⁶
1081 983 1291 1047 romonum,

228 1070 342 1135 ricinis
359 1065 571 1163 templorum
590 1065 724 1164 templo
741 1067 1004 1164 aedificantem,-
1024 1085 1200 1166 tanquam
1221 1093 1296 1141 non

229 1175 338 1246 tutem
356 1176 490 1274 ubique
507 1179 562 1248 dii
578 1177 797 1252 immortales
812 1180 989 1263 sint,sed
1000 1182 1122 1276 spoliis
1139 1181 1294 1251 oliorum

229 1284 296 1354 olii
309 1286 453 1358 colendi
469 1290 754 1386 exornandique.
774 1291 916 1378 Quum,
935 1291 1035 1386 prius
1055 1313 1165 1386 quam
1183 1288 1294 1364 refer.

226 1408 348 1483 retur,
362 1412 570 1494 appareret,
590 1398 679 1496 quid
696 1400 873 1470 sentirent
890 1402 1032 1488 Patres,
1050 1399 1227 1472 relatione
1245 1400 1295 1472 ia·

227 1520 304 1592 cta,
318 1509 355 1575 in
370 1531 481 1578 unam
494 1533 621 1580 omnes
635 1510 850 1580 sententiam
866 1510 987 1580 ierunt
999 1520 1026 1597 ⁷,
1039 1524 1081 1580 ut
1096 1509 1151 1580 hae
1166 1511 1295 1607 tegulae

228 1616 453 1713 reportandae
466 1619 504 1688 in
521 1620 699 1717 templum
714 1621 931 1708 locarentur,
949 1619 1215 1717 piaculariaque
1231 1627 1295 1691 Ju-

228 1727 318 1794 noni
336 1724 479 1798 fierent.
500 1731 589 1818 Quae
607 1729 652 1799 ad
667 1731 877 1828 religionem
889 1729 1095 1827 pertinent,
1112 1755 1195 1802 cum
1209 1755 1295 1802 cura

228 1833 320 1906 facta
337 1861 345 1904 t
365 1837 504 1933 tegulas
519 1838 660 1910 relictas
681 1844 718 1912 in
737 1866 818 1912 area
836 1840 982 1938 templi,
1006 1844 1091 1937 quia
1111 1865 1295 1939 reponen-

229 1944 356 2016 darum
374 1971 484 2018 nemo
503 1948 633 2020 artifex
653 1953 744 2022 inire
766 1953 942 2023 rationem
959 1952 1140 2048 potuerit,
1159 1951 1297 2022 redem·
1348 2023 1356 2038 .

229 2068 351 2150 ptores
370 2056 619 2128 nuntiaruntff⁸

276 2169 335 2235 IV.
355 2172 407 2237 Ex
421 2168 653 2264 praetoribus,
674 2173 737 2268 qui
753 2173 790 2240 in
806 2173 1008 2269 provincias
1025 2173 1159 2257 ierant,
1175 2175 1218 2243 N.
1233 2177 1294 2242 Fa-

228 2273 311 2348 bius
329 2279 492 2350 Massiliae
507 2282 671 2369 moritur,
686 2306 800 2378 quum
816 2284 853 2352 in
868 2285 1068 2354 citeriorem
1081 2282 1294 2380 Hispaniam

940 2395 945 2421 l

228 2481 304 2530 sacris
320 2483 438 2546 publicis,
455 2497 479 2534 et
496 2487 550 2534 loeo
569 2487 739 2544 tuendo‚,ctc.
784 2490 824 2538 vel
841 2489 925 2554 potius
951 2489 1014 2535 tueri
1035 2488 1153 2536 traditum
1177 2500 1244 2537 esset.
1260 2517 1295 2526 -·-

228 2560 285 2608 vide
295 2562 326 2609 ad
336 2563 385 2622 v1,
400 2571 432 2621 4,
446 2581 472 2612 n.
488 2574 512 2621 t.
526 2588 538 2607 α
547 2566 627 2612 Sacris
636 2567 740 2630 publicis
783 2567 863 2615 Verba
881 2569 936 2616 ioca
955 2567 1047 2615 tuenda
1060 2582 1111 2614 non
1129 2567 1161 2615 ad
1179 2568 1295 2615 traditum

228 2651 310 2704 potest
321 2658 372 2692 esse
381 2659 450 2692 casua
462 2645 560 2702 tertius,
572 2661 619 2708 pro
631 2646 662 2693 ad
673 2663 739 2694 sacra
784 2659 855 2704 esset,
871 2647 914 2694 sed
930 2645 961 2694 ad
979 2646 1077 2711 exigere
1089 2648 1165 2696 refert
1177 2649 1294 2712 Doering.

228 2719 340 2783 publIea,
352 2723 369 2770 i.
386 2740 409 2772 e.
429 2735 458 2774 ut
472 2727 498 2772 in
515 2726 546 2784 iis
561 2739 627 2773 sacra
640 2725 740 2790 publica
784 2727 913 2790 etjungit:
925 2724 1042 2774 cuisarta
1053 2735 1118 2772 tecta
1128 2725 1206 2773 saerr't
1215 2725 1296 2788 publi·

228 2797 282 2847 fieri
301 2803 403 2866 possint.
421 2807 480 2854 Non
498 2806 550 2854 scio
568 2808 740 2864 tamen,a110s
783 2804 817 2852 cis
835 2817 860 2854 et
879 2807 935 2853 loca
956 2805 1047 2852 tuenda
1064 2805 1162 2870 exigere
1178 2805 1296 2853 traditum

230 2879 260 2926 de
278 2881 348 2929 sartis
369 2885 438 2931 tectis
457 2885 546 2933 aedium
566 2902 686 2933 sacrarum
706 2887 739 2934 ita
784 2897 853 2933 esset.
868 2885 908 2933 Sic
920 2901 958 2933 res
976 2884 1039 2932 bene
1054 2884 1295 2933 sehaberevidetur.

227 2956 311 3022 loqui,
325 2973 367 3010 aut
378 2963 433 3012 Ioco
444 2975 496 3012 tum
507 2965 587 3029 simpl.
599 2965 680 3014 dicere
692 2983 739 3030 pro
783 2965 828 3013 En.
843 2991 878 3002 -
891 2965 1031 3014 Ptonomen
1046 2981 1100 3012 eum
1107 3001 1115 3023 ,
1131 2963 1197 3028 quod
1211 2980 1295 3028 super-

228 3037 289 3086 locis
295 3039 413 3104 publicis,
422 3059 527 3108 quorun
536 3045 610 3094 tutela
619 3045 649 3092 ad
657 3062 739 3095 curam
783 3042 859 3092 fluum
875 3043 953 3092 videri
970 3044 1064 3109 pouit,
1080 3059 1136 3092 nam
1149 3060 1199 3092 vox
1212 3059 1294 3090 censo·

228 3133 356 3167 censorum
368 3124 513 3185 pertinebat.
523 3124 594 3172 Adde
603 3125 671 3188 quod
680 3109 748 3174 non·¹
782 3139 832 3169 rem
846 3123 977 3188 praecedit,
987 3125 1050 3173 hanc
1061 3123 1112 3170 vim
1122 3123 1212 3170 habere
1224 3133 1295 3169 notat

228 3197 291 3246 nihil
309 3201 387 3248 scabri
407 3203 433 3248 in
449 3202 497 3251 hoc
512 3220 623 3252 semona
638 3216 686 3266 eet,
699 3205 739 3252 cni
782 3203 899 3268 Doering.
908 3239 915 3261 ,
924 3213 952 3250 ut
965 3203 997 3250 sit
1006 3219 1053 3268 pro
1067 3203 1155 3258 talem,
1177 3201 1203 3248 h.
1218 3217 1239 3248 e.
1254 3205 1295 3250 cui

227 3287 295 3322 sorta
316 3289 380 3325 tecto
406 3280 503 3346 exigere
524 3293 549 3329 et
572 3283 628 3330 loco
648 3285 739 3331 tuendo
782 3281 929 3346 templorum
948 3297 1005 3329 cura
1025 3280 1168 3329 demandata
1190 3279 1229 3328 sit.
1247 3282 1293 3346 En.

229 3355 347 3405 traditum
359 3371 435 3417 επακ
451 3361 496 3408 etsi
512 3378 564 3409 non
577 3363 679 3410 omnino
692 3363 739 3410 dis-
783 3387 818 3398 -
831 3363 908 3408 Deum
929 3359 1101 3409 immortalium
1118 3359 1228 3424 templa,·
1244 3375 1295 3406 vox

227 3432 401 3495 similarent,
426 3454 482 3501 quae
504 3441 605 3500 XXVI,
634 3443 683 3500 32,
714 3454 738 3490 et
784 3442 874 3506 templo
894 3441 988 3489 exsulat
1010 3441 1041 3488 ab
1064 3439 1217 3488 editionibus
1238 3449 1294 3486 ante

227 3513 343 3572 XXVII,
357 3515 371 3560 5
387 3515 511 3580 leguntur.
528 3520 611 3567 Livius
629 3521 738 3569 fortassis
782 3522 853 3580 Cur„
872 3532 900 3569 ut
911 3521 942 3568 ad
953 3536 1026 3569 voces
1035 3520 1107 3567 deum
1119 3518 1294 3567 immortalium

228 3590 322 3656 aliquid
335 3593 447 3644 desertis
465 3600 535 3647 tectis
554 3601 644 3648 oedium
657 3619 738 3650 sacra·
783 3617 813 3648 ex
834 3600 982 3665 precedenti
1005 3599 1164 3664 repetendum
1186 3599 1218 3648 sit
1235 3598 1293 3647 oedi-

228 3687 281 3719 nun
300 3683 325 3720 et
345 3671 453 3725 Iocorum
466 3678 620 3742 publicorum
638 3678 739 3745 scripse·
775 3679 859 3746 ficia;
870 3679 993 3728 Drakenh.

229 3763 282 3809 rat,
296 3765 323 3802 ut
336 3755 388 3804 Cic.
402 3757 435 3804 ad
448 3758 504 3806 niv.
518 3759 594 3816 XIII,
611 3775 638 3806 ιι
652 3773 738 3817 ,sarto
818 3759 843 3806 6.
860 3759 1014 3821 Obstringere
1027 3757 1146 3822 religione
1155 3773 1216 3820 pop.
1232 3772 1293 3804 rom.
1343 3789 1346 3798 .

228 3839 291 3878 tecta
314 3834 404 3881 redium
429 3853 555 3885 sacrorum
585 3837 739 3903 locorumque
783 3838 840 3886 vide
853 3837 884 3885 ad
895 3839 927 3895 V,
941 3837 989 3896 ai,
1004 3855 1028 3885 n.
1041 3840 1065 3885 8.

229 3913 389 3960 communium
401 3917 465 3964 tueri
472 3939 493 3966 n.
505 3918 596 3965 Duker.
610 3923 682 3967 Forte
691 3919 737 3981 leg.
819 3933 844 3977 7·
856 3917 886 3962 In
897 3931 971 3961 uttam
982 3908 1125 3964 sententium
1137 3916 1216 3962 iorum
1223 3934 1232 3970 ;
1243 3915 1293 3962 vid·

229 3992 270 4038 cui
282 4002 427 4041 sartatecta
442 3995 538 4061 exigere
547 3995 637 4053 sacris,
652 4014 686 4044 sc.
701 3996 738 4044 lo·
783 3998 810 4053 I,
826 3997 873 4052 32,
888 4012 912 4042 n.
928 3997 965 4043 13.

229 4070 330 4134 cis.(ex
348 4089 413 4134 seqq.
435 4074 464 4122 de
482 4091 531 4137 quo
546 4076 601 4124 vide
617 4075 647 4122 ad
662 4079 738 4137 XXI,
819 4079 843 4123 8.
866 4075 1033 4139 liedernptores
1056 4075 1218 4131 sastinianum
1239 4073 1293 4121 vide

231 4150 279 4208 ti,
298 4149 391 4214 ¹¹24),
414 4152 502 4199 ›riblicn
525 4165 547 4200 et
571 4155 624 4200 loca
648 4155 736 4201 tuendo
782 4155 943 4207 aalV,a'i,n.
957 4156 980 4199 6.
