2970 4712
534 363 859 430 FRAGMENTA.
1162 362 1226 434 381

167 483 288 553 Livius
306 482 461 553 secunda
477 482 609 554 decade
632 483 792 579 loquitur
809 511 815 551 :
840 507 907 590 nec
921 499 1070 580 propter
1086 485 1233 557 morbos

168 589 386 663 inhibendos
407 591 568 663 instituta
589 608 866 679 commemorat,
884 593 946 663 sed
962 610 1112 692 propter
1131 601 1233 667 steri-

167 691 303 806 litatem
321 703 529 788 mulierum,
551 728 630 799 quae
650 719 738 774 tunc
752 704 947 790 acciderat,
965 705 1230 780 exsolvendam.

221 832 258 878 Ex
271 830 363 880 Gelasii
374 833 445 896 Papae
459 833 535 897 Epist.
547 832 663 880 adversus
676 833 874 880 Andromachum
886 834 913 879 in
929 835 1027 882 Beronii
1040 836 1130 883 Annal.
1141 837 1233 886 Eccles.

170 913 202 960 ad
212 930 252 962 an.
263 911 327 977 496,
335 931 402 964 num.
415 915 456 962 35.

169 1126 221 1192 IV.
238 1129 338 1194 ALIA
354 1127 459 1212 QUAE
478 1129 536 1194 AN
560 1127 666 1194 LIVIl
683 1129 780 1194 SINT
797 1129 828 1195 N
830 1129 973 1212 OSTRI,
990 1131 1076 1196 AUT
1092 1133 1233 1198 CERTE

214 1260 272 1322 EX
290 1257 490 1324 HISTORIA
510 1260 607 1322 EIUS
625 1260 899 1342 DEPROMPTA,
917 1259 1085 1326 DUBIUM
1101 1263 1189 1328 EST.

218 1461 325 1584 Apud
341 1486 544 1584 Nympbam
559 1488 709 1558 Atlantis
722 1486 832 1558 filiam
848 1435 1097 1586 Calypsonem.

223 1617 337 1664 Priscian.
346 1616 391 1664 lib.
404 1617 440 1662 VI
452 1618 559 1665 Gramm.
571 1633 597 1680 p.
608 1618 668 1664 685.

217 1741 261 1807 Et
282 1737 483 1834 reparando
503 1761 695 1834 ¹suggressu
718 1761 828 1808 manu
851 1738 946 1808 baud
968 1757 1100 1838 'magna
1120 1741 1233 1814 Allifae

169 1849 321 1934 moenia,
345 1849 446 1944 quasi
469 1847 592 1945 palans
615 1850 849 1945 perveniens,
873 1874 917 1920 ex
938 1850 1075 1946 oppido
1097 1849 1234 1924 bellum

169 1958 342 2028 instructa
355 1961 583 2035 armamentis
599 1959 734 2055 erupit,
756 1982 865 2054 quam
882 1961 1008 2030 consul
1022 1962 1057 2030 vi
1072 1978 1233 2059 captam,

169 2067 372 2155 trucidatis,
398 2072 462 2165 qui
492 2070 529 2138 in
562 2094 602 2139 ea
633 2071 884 2170 constiterant,
906 2087 1062 2148 reservat
1093 2067 1139 2142 ad.
1164 2097 1233 2171 pu-

169 2201 286 2273 gnam.
304 2177 373 2248 Sed
390 2178 581 2275 oppidani,
602 2179 694 2248 sicut
711 2177 845 2274 quibus
863 2203 957 2248 curae
971 2179 1141 2276 pusillum
1156 2184 1234 2253 ine-

169 2300 243 2373 rat,
262 2288 299 2356 in
320 2285 414 2357 diem
437 2287 588 2358 alterum
608 2285 830 2358 umbonibus
845 2286 1012 2360 belluatis
1025 2315 1158 2387 paucos
1175 2290 1234 2362 fu-

169 2419 271 2492 gaces
287 2396 480 2484 invadunt,
505 2396 808 2494 elephantemque
832 2399 953 2471 omine
976 2400 1116 2470 meliori
1134 2427 1232 2473 rece-

169 2521 287 2600 ptant,
300 2521 336 2576 et
348 2504 484 2595 Allifas,
495 2505 641 2576 Rufium
654 2506 836 2602 quondam
851 2512 1039 2598 vocitatas,
1050 2511 1094 2581 ab
1106 2511 1233 2583 dextro

170 2630 343 2712 sequente
358 2611 559 2705 sinistrum,
575 2619 726 2713 augurio
740 2643 875 2688 nomen
887 2621 1080 2716 imponunt
1093 2624 1230 2694 accolae.

221 2748 281 2794 Haec
293 2745 366 2792 verba
381 2747 539 2805 Liv.xx11,
557 2748 601 2803 18,
620 2747 645 2805 5,
660 2757 717 2810 post
729 2746 771 2793 illa
781 2763 853 2810 super
862 2748 954 2810 Allifas
967 2750 1019 2795 loco
1031 2751 1082 2796 alto
1094 2767 1125 2796 ac
1139 2753 1231 2798 inanito

168 2828 278 2875 consedit
292 2829 380 2876 inserta
395 2830 442 2891 legi
460 2830 486 2875 in
501 2828 556 2877 cod.
569 2829 678 2876 LeudIno
695 2831 706 2874 I
727 2828 821 2876 monuit
842 2831 945 2876 Heame.
966 2829 1055 2877 Eadem
1071 2831 1232 2895 deprehendit
1285 2823 1290 2828 ⁵

168 2910 242 2960 Drali.
251 2913 277 2957 ln
287 2913 333 2960 Ms
343 2913 520 2969 Remmiam,
528 2911 571 2958 sed
584 2908 619 2958 sie
631 2911 720 2958 varlata
733 2928 739 2959 :
797 2907 802 2914 ¹

216 3035 260 3101 Et
283 3031 485 3130 reparando
504 3055 709 3126 suggressus
733 3030 832 3100 haud
849 3034 960 3128 magis
980 3031 1077 3103 Alifae
1100 3036 1233 3108 moenia

169 3165 284 3236 quum
306 3140 430 3239 palans
452 3141 665 3238 perveniens
690 3166 734 3211 ex
761 3142 898 3238 oppido
922 3140 1042 3212 bellua
1067 3146 1232 3216 constaa

169 3255 336 3321 Romanis
355 3253 473 3349 erupit
483 3289 494 3337 ,·
513 3275 621 3348 quam
642 3253 766 3321 consul
785 3253 821 3320 vi
842 3267 1001 3349 captam,
1023 3255 1227 3342 trucidatis,

143 3450 146 3459 s
170 3363 233 3456 qui
252 3365 289 3430 in
308 3387 349 3432 ea
368 3363 620 3447 constiterant,
642 3376 801 3431 reservat
822 3360 867 3431 ad
884 3386 1053 3459 pugnam.
1074 3363 1144 3434 Sed
1165 3389 1231 3461 op-

169 3469 311 3566 pidani,
327 3473 418 3542 sicut
432 3473 534 3568 queis
547 3495 640 3542 curae
653 3470 823 3568 pusillum
838 3472 953 3541 inerat
965 3471 1002 3540 in
1017 3471 1112 3543 diem
1126 3472 1231 3543 altam

132 3626 137 3635 ·
171 3577 391 3648 umbonibus
417 3579 569 3650 beluatis
598 3605 732 3677 paucos
760 3579 903 3677 fugaces
932 3581 1130 3669 invadunt,
1161 3584 1231 3654 ele-

169 3688 414 3784 phantemque
434 3690 619 3759 meliorem
645 3704 840 3786 receptant.
867 3696 911 3760 Et
933 3688 1042 3761 Alilas
1064 3690 1230 3762 Rufrium

168 3796 351 3891 quondam
369 3798 538 3868 vocitatas
559 3797 604 3868 ab
628 3799 755 3870 dextro
777 3813 951 3897 sequente
970 3802 1230 3872 sinisteriorum

169 3908 320 4002 augurio
339 3931 473 3977 nomen
492 3908 687 4005 imponunt
704 3909 843 3980 accolm.

221 4040 388 4100 Fragmentum
401 4037 450 4085 boo
464 4040 572 4102 spurium
587 4057 637 4088 esse
651 4042 781 4089 censebant
793 4043 884 4104 Cuper.
895 4040 925 4088 de
934 4040 1068 4106 elephantis
1077 4044 1103 4089 in
1113 4046 1235 4100 nummis,

169 4134 222 4182 cap.
234 4127 263 4177 43
274 4120 384 4175 deame,
401 4120 536 4182 Drakenb.,
548 4122 640 4171 Stroth.
650 4135 673 4172 et
685 4123 741 4172 alti:
759 4125 801 4172 sed
814 4125 944 4188 genuinum
954 4125 1073 4173 Dodwell.
1084 4127 1109 4174 in
1120 4127 1234 4192 singulari
