2972 4720
843 295 855 338 t

202 373 325 475 2233:
365 394 451 461 eta.
479 389 586 460 xtn
614 394 710 462 car.
739 393 918 460 xxxvn
945 394 1143 463 xxxvnr
1194 395 1240 467 65

175 514 311 586 Achaeis
328 511 618 635 indignantibus,
637 481 766 612 eodem
784 539 821 586 se
839 515 922 586 loco
939 528 1035 588 esse²
1054 517 1143 616 (qui
1160 545 1242 595 ωτι,-

176 623 235 691 nia
258 646 279 692 a
302 621 488 719 principiis
504 619 726 693 Macedonici
741 603 831 694 betti
850 627 1094 721 praestitissent
1112 635 1240 704 Roma.-

177 733 250 819 nis,
271 746 307 802 et
331 731 569 803 Macedonum
594 729 750 833 Philippi
776 731 874 804 bello
897 734 1019 808 hostes
1041 736 1240 835 fuissent),

176 867 251 938 quo
265 842 433 913 Messenii
449 856 557 938 atque
571 841 655 926 Elii,
674 843 738 938 qui
751 867 820 940 pro
835 845 1012 916 Antiocho
1025 845 1130 918 hoste
1145 873 1243 918 arma

176 952 345 1023 adversus
368 951 546 1050 populum
567 975 758 1038 romanum
781 953 966 1042 tulissent,
985 981 1042 1044 ac,
1058 983 1184 1056 nuper
1204 960 1245 1028 in'

130 1131 136 1141 ,
176 1061 368 1134 Achaicum
387 1059 583 1146 contributi
601 1061 816 1152 concilium,
835 1063 934 1135 velut
950 1069 1137 1163 praemium
1156 1067 1244 1140 belli

176 1198 214 1244 se
231 1170 428 1244 victoribus
447 1171 584 1242 Achaeis
601 1170 693 1242 tradi
710 1188 959 1268 quererentur.

223 1286 419 1354 XXXVIII.
439 1282 598 1353 Marcius
611 1297 647 1352 et
667 1281 793 1354 Atilius
812 1283 857 1354 ad
878 1285 1041 1372 Gitanas,
1063 1288 1162 1384 Epiri
1179 1313 1243 1387 op·

176 1392 303 1491 pidum
328 1391 453 1464 decem
480 1391 592 1462 millia
619 1391 664 1462 ab
690 1394 799 1481 mari,
825 1405 962 1490 quum¹
988 1395 1242 1486 ascenderent,

66 1537 70 1544 ·
150 1561 152 1564 .
176 1504 329 1574 concilio
348 1506 575 1600 Epirotarum
593 1500 737 1589 habito,
757 1527 842 1573 cum·
859 1527 991 1599 magno
1009 1506 1171 1575 omnium
1187 1532 1244 1578 as-

176 1639 283 1684 sensu
301 1612 412 1684 auditi
432 1628 535 1699 sunt,
555 1627 592 1682 et
608 1610 890 1708 quadringentos
902 1613 1102 1706 juventutis
1115 1639 1243 1686 eorum

175 1724 214 1794 in
238 1728 402 1807 Orestas,
425 1725 467 1791 ut
489 1719 656 1817 praesidio
679 1735 797 1791 essent
816 1720 975 1793 liberatis
1000 1721 1045 1793 ab
1068 1747 1105 1794 se
1124 1729 1244 1796 Mace-

91 1891 94 1898 .
176 1831 372 1915 donibus²,
396 1831 580 1900 miserunt.
607 1828 695 1899 Inde
722 1831 760 1898 in
781 1831 944 1900 AEtoliam
975 1837 1177 1930 progressi,
1204 1861 1244 1907 ac

176 1966 311 2041 paucos
334 1939 385 2010 ibi
410 1941 538 2010 morati
558 1938 657 2027 dies,
678 1938 767 2010 dum
788 1940 831 2008 in
849 1943 1011 2037 praetoris
1033 1946 1167 2014 mortui
1188 1944 1244 2016 lo-

177 2077 261 2124 cum
276 2051 365 2122 alius
378 2049 614 2136 sufficeretur,
629 2065 664 2120 et
675 2050 824 2146 Lycisco
839 2066 990 2147 praetore
1007 2048 1120 2139 facto,
1133 2080 1243 2151 quem

176 2167 421 2233 Romanorum
435 2158 554 2231 favere
567 2159 676 2230 rebus
690 2161 773 2230 satis
787 2175 1012 2257 compertum
1028 2179 1118 2251 erat,
1133 2179 1245 2236 trans-
1328 2225 1333 2245 .

176 2279 297 2346 ierunt
312 2276 349 2344 in
366 2271 592 2345 Thessaliam
615 2277 666 2343 Eo
688 2273 793 2372 legati
807 2276 1032 2345 Acarnanum
1049 2291 1085 2346 et
1098 2282 1243 2352 Boeoto-

176 2410 257 2456 rum
268 2385 406 2456 exsules
416 2397 601 2454 vcnerunt.
617 2385 819 2454 Acarnanes
835 2384 999 2454 nuntiare
1011 2383 1100 2478 jussi
1110 2381 1136 2472 ³,
1156 2412 1242 2484 quae

112 2549 121 2560 .
176 2493 338 2592 Philippi
342 2499 527 2591 primum,
546 2492 722 2564 Anu'oclsi
735 2493 866 2568 deinde
884 2492 997 2576 belle,
1015 2493 1155 2593 decepti
1161 2495 1241 2593 pol-

176 2603 426 2676 licitationibus
440 2609 548 2698 regis,
563 2603 736 2673 adversus
741 2601 925 2700 populum
939 2629 1134 2675 romanum
1148 2632 1242 2678 com·

178 2719 368 2799 irruissent,
392 2738 436 2782 en
459 2713 660 2810 corn'gendi
676 2719 900 2782 occasionem
923 2712 990 2783 illis
1011 2714 1183 2786 oblatam.
1205 2722 1243 2788 Si

103 2933 117 2956 ⁴
212 2934 340 2985 2.'Eodem
350 2952 375 2982 se
385 2937 438 2983 loeo
448 2950 497 2982 esse
504 2935 564 2999 (vid.
575 2939 625 2995 111,
635 2937 684 2993 68,
728 2933 872 3004 cedanibas,
891 2934 994 2984 Orestis.
1015 2935 1089 2983 Cont'.
1110 2937 1239 2998 XXXIII,

175 3033 203 3062 n.
221 3017 260 3080 1),
328 3029 375 3076 qno
396 3013 509 3060 Messenii
525 3025 599 3076 atque
618 3013 682 3068 Elii,
730 3013 1039 3066 sternumentum
1054 3016 1168 3062 censebat
1178 3005 1240 3066 Dra-

175 3111 210 3143 ec.
230 3094 295 3141 sint:
315 3092 357 3138 sed
376 3091 488 3138 usitatius
501 3101 538 3139 est
553 3091 685 3138 Messenios
728 3089 803 3138 kenb.
818 3102 846 3137 ut
862 3106 945 3139 sensus
959 3092 1006 3139 sit:
1023 3094 1116 3140 Orestis
1134 3093 1240 3144 liberatis

175 3185 251 3238 atque
268 3171 353 3230 Elios;
369 3169 434 3218 nuk.
449 3170 506 3218 coil.
514 3171 587 3228 VIII,
603 3177 632 3225 rt
643 3204 650 3228 ,
662 3180 686 3217 et
729 3169 761 3215 ab
772 3168 962 3225 Macedonibus,
973 3187 987 3217 a
997 3180 1119 3234 potestate
1130 3183 1154 3218 et
1167 3173 1240 3239 impe

176 3253 308 3309 XXXIX,
322 3256 408 3304 aL—
420 3249 506 3312 Nuper
514 3248 539 3296 in
550 3247 685 3295 Achaicum
729 3249 766 3296 rio
780 3247 945 3314 Macedonum
962 3275 995 3285 -
1011 3250 1083 3296 Hunc
1100 3249 1183 3298 locum
1194 3271 1240 3317 pu·

175 3329 308 3379 contributi
320 3329 465 3385 concilium
476 3328 544 3376 conf.
555 3328 686 3383 XXXIX,
730 3338 764 3375 tat
777 3326 893 3391 Doering.
904 3327 1082 3375 emendandum
1089 3328 1136 3377 ita:
1149 3343 1240 3395 utproe-

177 3411 209 3465 re
224 3426 261 3472 tq.
270 3422 295 3457 a
303 3409 336 3456 aa
344 3410 461 3466 xristu,
475 3423 521 3470 19,
537 3424 562 3454 n.
580 3423 604 3454 2.
728 3405 791 3453 stan
802 3404 1140 3470 essenettteranais(oresas
1149 3408 1159 3473 )
1169 3410 1201 3458 aa
1215 3429 1241 3459 se
1261 3395 1264 3402 “

210 3490 271 3538 Car.
295 3489 443 3536 XXXVIII.
473 3504 495 3535 1.
518 3486 562 3534 Ad
580 3484 685 3533 Gitanas
731 3483 875 3549 (Epirotis)
899 3501 915 3530 a
936 3485 1117 3535 Macedonibus.
1139 3491 1184 3537 En.
1205 3518 1240 3527 -

176 3566 246 3632 Epiri
257 3582 312 3630 epp.
327 3583 401 3629 quum
414 3565 589 3614 ascenderent:
603 3587 614 3606 u
625 3580 685 3628 opp.
730 3563 827 3624 Jpeuco
842 3574 950 3626 praetore
960 3563 1049 3628 ficeto,
1065 3576 1113 3612 etc.
1133 3568 1189 3616 vide
1208 3569 1240 3616 sd

176 3645 408 3708 incognitissimum3
422 3656 446 3692 et
463 3661 507 3692 cur
525 3644 624 3691 additur
634 3643 683 3700 ad,
730 3643 807 3700 XLV,
821 3643 867 3700 28,
881 3659 906 3689 n.
920 3643 944 3690 6.

175 3723 244 3788 quod
267 3725 377 3780 XXXV,
411 3722 457 3780 13,
485 3724 610 3780 XXXVI,
640 3723 685 3780 30,
766 3723 789 3769 3.
801 3723 945 3769 Acamanes
954 3719 1069 3776 nuntiare
1072 3721 1150 3785 jussi,
1159 3725 1240 3774 forsan

175 3805 260 3862 XLII,
274 3803 315 3860 15,
330 3803 408 3860 XLV,
419 3804 451 3850 28
467 3813 492 3849 et
504 3802 534 3849 al.
547 3802 686 3848 omittitur?
730 3800 884 3856 renuntiare,
894 3817 928 3849 sc.
939 3801 1039 3848 domum
1050 3798 1094 3862 (ut
1105 3817 1159 3864 cap.
1170 3802 1238 3868 seq.)

175 3885 238 3945 Lege
249 3881 388 3946 AEgilippa,
404 3897 463 3945 opp.
477 3880 559 3942 Epiri,
574 3880 686 3927 Straboni
725 3879 813 3944 jussis
826 3879 922 3926 Marcio
935 3890 960 3925 et
976 3877 1069 3934 Atilio;
1084 3879 1157 3928 Drek.
1172 3881 1241 3929 Idem
1297 3871 1299 3876 ¹

176 3976 203 4008 ac
224 3959 307 4023 steph.
321 3962 469 4007 cxiiomero
486 3961 644 4006 memoratum
658 3977 687 4018 »3
732 3974 787 4006 cum
803 3956 867 4005 Dult.
881 3968 906 4004 et
920 3957 1018 4004 Crever.
1034 3967 1099 4004 recte
1112 3973 1170 4006 mox
1181 3960 1241 4024 legit

175 4041 230 4085 Jnc.
242 4041 319 4087 Grou.
732 4035 827 4100 decepti
831 4032 1049 4099 pollicitationibus
1061 4033 1132 4099 regiis
1143 4039 1192 4084 sire
1206 4055 1241 4084 re-

220 4134 243 4163 a.
258 4116 378 4164 Libertatis
392 4117 423 4163 ab
437 4132 462 4161 se
475 4115 612 4180 (Romanis)
629 4117 682 4161 Ma·
730 4131 803 4176 gram,
819 4131 853 4160 se
867 4112 973 4175 Philippi
985 4123 1008 4159 et
1020 4114 1146 4161 Antrocin

275 4206 378 4272 VIII.
565 4201 568 4206 ’
1009 4245 1010 4263 .
1077 4196 1095 4266 5
