2970 4712
203 354 331 454 tter:
432 374 581 439 staua
612 373 721 440 xtv.
750 373 851 439 car.
880 372 980 439 xlx.
1164 339 1247 444 301⁴

178 507 325 576 senatu,
348 517 427 588 quae
448 493 506 561 vix
527 490 623 560 salva
644 492 775 586 pietate
794 485 894 583 ejus³
912 491 1236 588 contingere'pote·

177 618 268 676 rant.
297 607 407 673 Erant
431 603 525 672 enim
551 599 697 697 quidam
724 605 970 670 Romanorum
991 625 1139 697 quoque
1160 626 1235 671 non

177 713 268 784 boni
292 723 476 797 auctores,
502 711 565 806 qui
595 734 657 806 spe
674 708 915 806 cupiditatem
944 711 1020 802 ejus
1045 710 1234 783 elicerent:

177 827 275 892 Eam
296 826 499 917 opinionem
526 820 572 889 de
599 819 725 889 Attalo
748 835 785 888 ct
802 822 964 888 Eumene
988 824 1114 890 uomae
1139 845 1234 901 esse,

177 949 353 1028 tanquam
375 929 420 999 de
439 931 549 999 altem
571 933 744 998 Bomant‘s
766 943 859 998 certo
881 934 1017 1022 amice,
1044 928 1154 1000 altero
1172 955 1237 1002 nec
1282 951 1288 962 ¹

177 1046 370 1124 Romanis,
404 1063 468 1108 nec
496 1044 599 1108 Persi
613 1039 700 1133 fido
731 1044 837 1108 soct'o.
870 1043 1001 1135 Itaque
1031 1044 1098 1109 vc'rc
1128 1049 1240 1110 statui

171 1175 299 1248 posse,
319 1165 458 1233 uuum,
481 1171 565 1244 quae
580 1173 650 1245 pro
667 1173 724 1234 se,
748 1174 817 1230 an,
840 1173 925 1245 quoe
945 1165 1069 1219 contro
1078 1152 1237 1239 fratmm

168 1265 349 1357 petiturus
367 1275 473 1343 esset,
496 1258 544 1327 ab
560 1275 688 1328 senatu
708 1265 823 1354 magis
839 1257 1080 1354 impetrabilia
1085 1261 1236 1348 forent:

178 1371 271 1440 adeo
291 1365 468 1439 universos
484 1373 608 1438 omm‘a
621 1382 656 1438 et
672 1367 756 1438 huic
771 1367 945 1453 tribuere,
965 1385 1001 1438 et
1014 1367 1068 1436 illi
1078 1394 1165 1438 vero
1179 1394 1237 1438 nc-

149 1537 152 1542 ,
173 1479 298 1573 gareb
314 1482 447 1548 Eorum
464 1475 671 1561 hominum,
686 1489 726 1546 ut
741 1501 799 1546 res
811 1475 951 1564 docuit,
973 1475 1135 1548 Attalus⁵
1150 1495 1236 1564 erat,

177 1588 258 1683 qui,
277 1600 454 1683 quantum
469 1609 549 1681 spes
569 1584 838 1681 spopondisset,
858 1600 1053 1682 cuperent,
1073 1587 1110 1655 ni
1129 1588 1237 1656 unius

176 1698 280 1769 amici
303 1694 462 1794 prudens
485 1696 637 1764 monitio
658 1693 757 1764 velut
779 1692 901 1764 frenos
921 1695 1042 1764 animo
1063 1695 1154 1788 ejus,
1176 1721 1236 1792 ge-

176 1807 296 1878 stienti
319 1803 485 1876 secundis
505 1802 629 1890 rebus,
655 1804 892 1899 imposuisset.
918 1806 1066 1874 Stratius
1088 1829 1169 1873 cum
1193 1831 1237 1876 eo

176 1914 244 1985 suit
262 1913 423 1983 medicus
433 1910 460 1998 ⁶,
478 1911 523 1982 ad
540 1912 576 1982 id
595 1914 713 2009 ipsum
728 1936 747 1981 a
763 1937 836 1982 non
855 1937 981 1982 securo
994 1917 1155 1984 Eumene
1168 1919 1238 1984 Ro·

176 2049 271 2094 mam
287 2025 434 2102 missus,
453 2023 656 2119 speculator
668 2046 814 2106 rerum,
836 2047 915 2118 quac
930 2046 950 2091 a
965 2020 1073 2092 fratre
1090 2047 1236 2118 ageren-

176 2150 248 2220 tur,
266 2135 495 2229 monitorque
516 2130 626 2216 fidus,
647 2134 673 2203 si
696 2131 822 2204 decedi
844 2130 916 2204 fide
937 2132 1092 2204 vidisset.
1114 2140 1167 2221 Is,
1192 2135 1237 2205 ad

177 2258 366 2340 occupatas
391 2246 463 2338 jam
492 2255 617 2313 aures⁷
648 2242 951 2339 sollicitatumque
973 2243 1046 2336 jam
1076 2246 1234 2314 animum

178 2377 291 2450 quum
327 2355 502 2439 venisset,
527 2377 711 2451 aggressus
738 2349 985 2450 tempestivis⁸
1012 2355 1237 2451 temporibus

178 2487 253 2535 rem
274 2488 387 2561 prope
408 2462 610 2560 prolapsam
638 2462 813 2549 restituit,
834 2460 915 2530 aliu
937 2461 1012 2531 alia
1032 2486 1144 2557 regna
1161 2488 1237 2532 cre-

180 2579 265 2642 visse
285 2572 409 2658 rebus,
434 2571 615 2642 dicendo:
640 2595 786 2665 regnum
811 2595 934 2640 comm
958 2597 1106 2654 novum,
1130 2572 1223 2643 nulli

179 2686 322 2750 vetustis
330 2679 534 2769 fundatum
556 2679 706 2775 opibus,
718 2682 1005 2769 fraternastarc
1026 2682 1237 2764 concordior

217 2917 240 2962 3.
250 2915 322 2961 Salva
329 2912 421 2976 pietate
431 2913 482 2977 ejus
491 2929 545 2977 erga
556 2917 685 2962 Eumenem
729 2913 786 2960 vIde
801 2929 873 2976 sopra
886 2912 915 2959 sd
929 2912 972 2960 lib.
986 2913 1087 2970 XXIII,
1109 2914 1157 2971 31,
1173 2931 1198 2964 u.
1211 2931 1236 2977 9.

180 2994 284 3040 fratrem.
299 2996 371 3038 Forte
382 2991 430 3053 leg.
445 2991 525 3055 cipro
538 2991 602 3055 ejuu
615 2993 686 3040 Crev.
765 2992 790 3040 6.
801 2989 905 3037 Stratius
928 3007 982 3036 cum
1001 3005 1029 3036 eo
1043 2989 1098 3053 fuit
1116 2993 1233 3047 malcus,

180 3099 216 3108 -
234 3071 318 3118 Altero
335 3068 476 3136 (Eumene)
494 3086 538 3117 nee
556 3070 684 3126 Ιίοηιαηὺ,
730 3078 776 3116 etc.
787 3069 853 3116 conf.
866 3067 953 3132 Polyb.
964 3070 1054 3126 XXX,
1070 3084 1094 3118 a.
1109 3095 1143 3105 -
1155 3073 1236 3120 Aaou

181 3166 225 3198 nec
239 3149 308 3196 Persi
320 3148 394 3213 (vide
407 3149 438 3196 sd
456 3149 539 3206 XLII,
552 3149 595 3206 25,
609 3165 633 3197 n.
654 3147 687 3214 1)
730 3163 813 3194 securo
823 3148 944 3203 Eumene,
961 3145 1003 3209 qui
1017 3161 1067 3194 non
1079 3147 1131 3194 elne
1144 3164 1200 3196 eura
1213 3161 1237 3198 et

174 3228 231 3296 fido
245 3228 310 3276 socio
318 3247 329 3286 ‚·
346 3228 412 3277 conf.
427 3228 458 3276 ad
472 3229 561 3286 XLIV,
576 3228 620 3286 13,
638 3241 685 3286 ao,
731 3224 895 3272 solllcltudine
906 3234 971 3272 erat:
981 3224 1157 3294 ὀττευσάμενος
1169 3229 1181 3278 l
1194 3229 1238 3292 βα-

184 3315 231 3366 24,
243 3309 285 3358 25.
456 3304 459 3310 ’
732 3303 810 3367 celebr
825 3303 853 3354 τὸ
874 3304 967 3371 μέλλεν.
983 3308 1071 3371 Polyb.

218 3395 242 3443 4.
253 3389 287 3434 Et
297 3386 353 3434 licie
368 3387 482 3443 tribuere,
492 3398 518 3433 et
526 3385 564 3434 illi
577 3401 637 3433 vero
650 3401 688 3432 ne·
769 3400 793 3444 q.
805 3383 849 3430 Ad
855 3394 987 3445 occupatas
989 3383 1047 3449 jam
1056 3400 1152 3432 aures...
1161 3403 1235 3449 quum

180 3481 259 3529 gare:
272 3482 318 3529 pro
330 3482 389 3513 vero
407 3468 484 3514 Gron.
498 3465 563 3525 conj.
583 3464 668 3512 merito
677 3498 685 3521 ,
731 3461 850 3517 uenisset,
869 3460 937 3508 brevi
954 3462 1070 3525 elegantia
1087 3479 1147 3526 pro:
1163 3481 1238 3528 quum

182 3555 207 3592 et
220 3543 284 3592 nuk.
298 3544 361 3592 velle
370 3561 383 3592 e
393 3544 482 3609 Polyb.
497 3543 545 3592 Sed
555 3544 652 3592 Crever.
664 3554 688 3590 et
732 3539 764 3588 ad
773 3540 883 3588 Attalum
892 3540 1010 3598 venisset,
1021 3542 1120 3604 ejusque
1132 3543 1238 3591 animum

183 3621 304 3669 Drakenh.
317 3622 446 3684 putabant,
456 3638 517 3670 vero
526 3622 567 3669 hie
577 3637 632 3669 cum
642 3637 689 3668 em·
730 3620 779 3680 iam
787 3619 831 3678 iis,
845 3634 899 3681 quse
912 3633 963 3665 non
976 3619 1036 3667 boni
1048 3630 1158 3666 auctores
1169 3622 1191 3668 ei
1202 3621 1239 3669 di·

184 3701 253 3764 phasi
270 3699 402 3757 affirmare,
418 3712 446 3748 ut
465 3702 580 3758 XXVII,
607 3717 647 3762 19,
664 3710 689 3748 et
732 3709 828 3758 xerunt,
841 3710 1039 3762 praeoccupatum
1048 3709 1072 3744 et
1084 3698 1239 3749 sollicitatum

184 3780 250 3843 apud
261 3779 312 3828 Cic.
325 3777 376 3826 Off.
393 3781 442 3838 III,
457 3795 467 3824 1
478 3813 485 3838 ,
495 3779 526 3826 de
536 3775 595 3828 Sen.
607 3779 646 3835 ΙΙ,
658 3780 689 3827 (le
733 3793 784 3824 esse
795 3775 963 3834 tntsuexissm
977 3787 1089 3822 caeterum
1100 3775 1155 3824 vide
1166 3778 1198 3824 ad
1208 3781 1240 3838 V,

185 3858 240 3906 Div.
261 3861 300 3913 11,
319 3860 343 3905 8.
361 3858 434 3905 ConI.
455 3856 524 3904 Cort.
544 3857 575 3904 sd
593 3857 688 3905 Sallust.
737 3858 808 3914 8,n.
824 3871 846 3914 7.
861 3855 907 3901 En.

185 3937 237 3984 Cat.
250 3937 343 3993 LVIII,
356 3936 402 3993 16,
415 3937 488 3992 LXI,
502 3949 513 3984 1
525 3947 565 3993 ‚et
574 3951 646 3999 snpra
659 3936 690 3983 sd
771 3936 794 3981 8.
817 3931 965 3995 Tempestivis
983 3932 1126 3996 temporibus
1133 3952 1143 3991 ;
1165 3936 1241 3984 Auso·

185 4017 245 4070 VII,
257 4015 285 4070 3,
297 4031 321 4060 n.
339 4029 361 4070 1,
372 4024 396 4060 et
409 4014 520 4071 XXVII,
534 4029 580 4075 19,
592 4031 617 4062 n.
632 4029 655 4074 7.
735 4013 790 4060 nius
800 4011 898 4074 quidem
914 4012 939 4056 iu
958 4010 1027 4057 Ludo
1045 4022 1136 4075 septem
1147 4015 1241 4076 sapien-

223 4093 246 4140 5.
261 4094 352 4140 Eorum
371 4092 492 4140 hominum
507 4094 605 4140 Attalus
622 4103 691 4148 eran
736 4102 799 4138 tum:
814 4113 826 4130 κ
840 4090 881 4137 sed
906 4089 985 4158 καιρὸς
1009 4090 1053 4138 iste
1072 4093 1241 4154 tempestisum
