2984 4706
244 339 309 410 192
666 288 704 380 rss
739 310 882 380 alvu
1156 291 1282 396 ῧςξςςξξῑ

240 461 332 534 que,
346 451 388 506 ut
404 436 503 530 sigua
517 434 555 502 in
573 431 701 502 urbem
717 430 911 516 inferrent,
925 433 1184 530 incompositos
1199 448 1316 531 atque

238 543 462 616 inordinatos
489 541 615 639 fugant
644 557 985 639 persequunturque
1013 542 1058 612 ad
1088 541 1244 630 fossam3
1272 545 1314 613 in

154 745 158 758 Ι
239 679 348 750 quam
369 652 576 750 compulsos
594 653 700 722 ruina
722 651 918 723 cumulant.
942 655 1107 724 Sexcenti
1126 652 1239 724 ferme
1259 653 1315 724 ibi

240 761 438 849 interfecti,
453 787 653 858 omnesque
667 786 800 860 prope,
817 763 881 858 qui
898 763 991 833 inter
1006 787 1153 834 murum
1166 761 1316 834 fossam-

241 899 313 973 que
339 873 554 971 deprehensi
573 888 695 959 erant,
719 871 968 946 vulnerantur.
992 879 1046 944 lta
1066 899 1133 945 suo
1152 875 1230 971 ipse
1251 901 1314 946 co-

130 1017 139 1035 *
240 1001 327 1056 natu
341 985 553 1084 perculsus²
574 999 717 1082 praetor,
734 985 876 1081 segnior
892 984 936 1054 ad
950 985 1018 1054 alia
1035 982 1149 1055 factus
1163 986 1317 1056 consilia

241 1112 336 1180 erat;
362 1111 399 1167 et
424 1121 470 1166 ne
495 1097 647 1169 Eumeni
671 1093 841 1191 quidem,
863 1095 969 1164 simul
991 1120 1010 1164 a
1035 1095 1142 1182 mari,
1167 1095 1276 1167 simul
1294 1122 1336 1194 a¹

223 1259 226 1266 -
240 1223 339 1298 terra
350 1203 588 1303 aggredienti,
607 1203 808 1300 quidquam
828 1205 912 1276 satis
926 1204 1159 1302 procedebat.
1175 1206 1317 1276 Placuit

240 1318 348 1414 igitur
365 1317 529 1412 utri-que,
547 1314 719 1384 custodiis
738 1312 902 1400 firmatis,
920 1339 966 1384 ne
989 1312 1089 1410 quod
1107 1314 1316 1411 praesidium

242 1451 287 1496 ex
304 1425 518 1496 Macedonia
542 1423 734 1495 intromitti
760 1439 901 1521 posset,
923 1425 1096 1521 quoniam
1120 1425 1173 1495 vis
1192 1441 1319 1523 aperta

243 1562 317 1626 non
342 1537 594 1632 processisset,
619 1532 792 1631 operibus
818 1535 953 1603 moenia
979 1557 1201 1630 oppugnare.
1231 1539 1318 1606 Haec

243 1645 455 1745 parantibus
480 1644 554 1728 his,
581 1643 707 1714 decem
731 1643 821 1739 regii
842 1640 970 1728 lembi,
996 1642 1041 1713 ab
1064 1643 1319 1714 Thessalonica

204 1826 209 1840 ,
241 1782 325 1828 cum
350 1754 498 1826 delectis
526 1754 712 1824 Gallorum
739 1748 971 1822 auxiliaribus
992 1753 1113 1852 missi,
1140 1777 1256 1848 quum
1280 1753 1317 1822 in

244 1868 318 1939 salo
331 1881 464 1937 stantes
475 1864 633 1935 hostium
646 1887 754 1934 naves
766 1863 1052 1960 conspexissent,
1066 1865 1151 1959 ipsi,
1161 1861 1319 1933 obscura

245 1991 369 2062 nocte,
388 1974 540 2072 simplici
563 1973 710 2058 ordine,
729 1997 839 2069 quam
861 1987 1027 2069 poterant
1045 1973 1208 2069 proxime
1234 1972 1318 2042 litus

246 2100 409 2159 tenentes
420 2079 447 2170 ³,
466 2085 647 2156 intrarunt
664 2081 803 2153 urbem.
824 2081 941 2176 Hujus
958 2082 1043 2151 nori
1057 2079 1211 2178 praesidii
1224 2078 1319 2151 fama

246 2196 417 2268 absistere
430 2194 702 2294 oppugnatione
715 2191 821 2262 simul
835 2197 1018 2262 Romanos
1031 2215 1228 2288 regemque
1241 2214 1319 2260 coe·

245 2310 306 2405 git.
326 2307 564 2378 Circumvecti
582 2303 892 2402 promontorium,
911 2300 955 2372 ad
971 2306 1153 2371 Toronem
1170 2300 1319 2371 classem

247 2399 476 2514 appulerunt.
496 2420 584 2485 Eam
609 2437 758 2509 quoque
778 2435 990 2509 oppugnare
1009 2409 1148 2498 adorti,
1161 2408 1237 2496 ,ubi
1256 2414 1319 2480 va-

247 2525 321 2596 lida
351 2521 496 2594 defendi
528 2547 636 2596 manu
668 2521 1018 2608 animadverterunt,
1048 2521 1149 2592 irrito
1174 2521 1319 2617 incepto

248 2631 514 2705 Demetriadem
539 2647 678 2730 petunt.
700 2630 756 2701 Ibi
775 2655 891 2728 quum
908 2633 1242 2729 appropinquantes
1264 2656 1319 2701 re-

248 2745 497 2844 pletamoenia
511 2729 661 2818 'armatis
679 2741 868 2828 vidissent,
888 2743 1112 2840 praetervecti
1130 2739 1177 2811 ad
1194 2739 1318 2812 Iolcon

250 2857 398 2928 classem
416 2854 653 2954 appulerunt,
669 2851 769 2939 inde,
785 2876 870 2949 agro
885 2867 1039 2940 vastate,
1055 2851 1319 2923 Demetriadem

252 2991 401 3065 quoque
419 2965 630 3064 aggressuri.

299 3080 393 3148 XIII.
424 3081 523 3146 Inter
546 3075 622 3146 hac
648 3089 684 3146 et
707 3075 850 3166 consul,
869 3097 915 3146 ne
942 3075 1059 3171 segnis
1082 3072 1223 3144 sederet
1242 3087 1319 3144 tan-

252 3204 330 3259 tum
358 3189 395 3256 in
422 3211 509 3282 agro
535 3188 701 3274 hostico,
732 3190 780 3257 M.
811 3187 1005 3285 Popillium
1043 3209 1125 3257 cum
1158 3187 1318 3283 quinque

253 3296 412 3368 millibus
429 3297 585 3369 militum
603 3298 647 3368 ad
665 3295 874 3368 Meliboeam
892 3295 1022 3367 urbem
1040 3295 1318 3394 oppugnandam

254 3409 372 3480 mittit.
401 3410 474 3478 Sita
501 3410 614 3480 estin
637 3407 818 3480 radicibus
840 3414 934 3479 Ossae
955 3409 1105 3495 montis,
1128 3432 1201 3504 qua
1221 3422 1318 3505 parte

254 3588 282 3636 di
287 3607 298 3646 ‚⁴
307 3576 359 3637 vid'.
369 3590 394 3646 1,
408 3595 454 3646 14,
466 3604 492 3636 u.
508 3589 533 3637 3.
544 3597 578 3624 —'
591 3589 673 3636 Ruina
684 3606 767 3637 eumu·
848 3591 872 3638 3.
882 3589 999 3637 Proxime
1013 3591 1070 3639 litua
1081 3601 1186 3639 tenentes
1193 3608 1202 3646 ,·
1216 3589 1271 3637 vide
1282 3605 1318 3637 su·

256 3673 320 3728 lant,
340 3667 435 3732 ingenti
449 3679 542 3732 strage,
555 3670 599 3718 uhi
616 3670 676 3717 alter
694 3686 767 3734 super
811 3683 855 3732 pra
864 3668 896 3716 ad
906 3670 931 3725 Ι,
945 3685 971 3728 ι,
983 3685 1009 3717 n.
1022 3671 1047 3718 8.
1057 3697 1092 3706 -
1102 3671 1167 3716 Eam
1175 3683 1271 3733 quoque
1279 3685 1320 3732 op·

255 3750 356 3797 alterum
374 3747 489 3807 cadebat,
502 3748 617 3796 fundunt.
628 3750 720 3813 Supra,
735 3751 768 3806 V,
807 3763 922 3812 pugnare
933 3747 1034 3805 adorti‚·
1050 3748 1119 3795 malit
1135 3748 1252 3812 Doering.
1267 3763 1318 3795 cum

255 3829 302 3888 43,
322 3844 353 3875 ex
370 3827 494 3890 superiore
519 3829 611 3877 loco...
643 3839 724 3891 strage
744 3838 768 3874 et
813 3827 888 3874 Drak.
899 3827 1060 3876 adorsi.Vide
1070 3843 1124 3891 quae
1133 3828 1237 3891 exponit
1246 3827 1315 3874 Dralr.
1371 3859 1373 3864 ·

255 3907 327 3954 ruina
332 3906 425 3971 fudere
436 3908 530 3957 Gallos.
541 3909 585 3956 En.
724 3937 733 3962 a
792 3936 794 3940 s
811 3906 843 3953 ad
859 3908 957 3963 XLIII,
975 3909 1021 3964 1¹8,
1041 3905 1057 3970 S
1076 3922 1097 3966 7.
1115 3909 1161 3954 En.
1173 3933 1208 3956 -s
1221 3906 1314 3960 Iolcon,

290 3999 315 4032 a.
335 3987 382 4033 Suo
398 3986 449 4050 ipse
462 4003 484 4035 c.
495 3986 638 4051 perculsum
659 3984 767 4042 vid.11,
811 3985 837 4031 in
853 3985 992 4049 Magnesia,
1017 3984 1092 4033 bodie
1104 3985 1206 4048 vicum,
1224 3985 1319 4032 nomine

255 4065 766 4123 14,n.a.-Inealo,i.e.altoman'.Eo.
812 4065 937 4111 Iaann.
1292 4059 1294 4068 ¹
