2976 4712
259 365 333 450 ’448
573 411 576 416 1
662 365 910 437 'EPITOMAE

261 501 336 559 erat
358 502 537 593 coeptum,
564 491 813 560 consummati.
840 493 940 562 Inter
964 491 1012 560 M.
1037 491 1201 560 Porcium
1222 496 1324 562 Cato=

176 603 187 618 ⁶
261 620 344 668 nem
358 611 394 667 et
407 597 611 694 Scipionem
626 599 809 686 Nasicam,
826 623 985 696 quorum
1000 600 1091 670 alter
1109 601 1324 696 sapientissi-

260 729 341 777 mus
357 706 412 776 vir
427 706 622 778 incivitate
639 705 850 797 habebatur,
864 707 955 780 'alter
970 711 1077 780 etiam
1094 711 1149 779 vir
1164 712 1323 808 optimus

259 841 280 886 a
300 830 426 886 senatu
449 814 629 910 judicatus
650 831 726 887 erat
735 827 761 902 ²,
783 816 930 890 diversis
948 834 1122 890 certatum
1139 823 1324 890 sententiis

258 940 330 1011 est,
349 928 485 996 Catone
505 924 678 996 suadente
697 923 853 1014 bellum,
869 943 905 999 et
922 943 963 998 ut
978 929 1167 1000 tolleretur
1187 928 1324 1000 delere-

258 1039 391 1130 turque
411 1032 610 1130 Carthag03
627 1036 752 1106 Nasica
771 1037 1008 1109 dissuadente.
1028 1037 1165 1109 Placuit
1182 1035 1341 1128 tamen,

259 1141 359 1240 quod
375 1158 502 1214 contra
519 1135 648 1215 foedus'
659 1167 767 1217 naves
787 1145 981 1234 haberent,
1002 1145 1104 1244 quod
1125 1149 1322 1218 exercitum

259 1268 359 1324 extra
383 1251 475 1324 fines
500 1251 706 1341 duxissent,
732 1254 833 1351 quod
857 1257 956 1327 socio
978 1255 1112 1357 populi
1126 1258 1268 1328 romani
1285 1271 1322 1328 et

258 1365 374 1435 amico
399 1365 593 1436 Masinissae
619 1373 717 1435 arma
741 1365 964 1454 intulissent,
988 1366 1088 1464 quod
1110 1365 1226 1437 filium
1246 1368 1322 1462 ejus

257 1475 467 1561 Gulussam,
484 1476 548 1571 qui
568 1499 661 1545 cum
672 1475 796 1572 legatis
809 1478 968 1548 romanis
984 1490 1078 1565 erat,
1092 1479 1132 1546 in
1145 1475 1322 1574 oppidum
1341 1511 1344 1516 ·

257 1609 333 1655 non
354 1585 592 1682 recepissent,
612 1583 751 1655 bellum
771 1585 813 1656 iis
832 1585 955 1656 indici.
981 1586 1084 1657 Prius
1109 1609 1220 1683 quam
1238 1585 1321 1656 'ullae

257 1698 368 1793 copiae
380 1697 417 1764 in
427 1715 538 1766 'naves
549 1695 841 1792 imponerentur,
855 1696 1041 1766 Uticenses
1053 1694 1159 1792 legati
1170 1699 1320 1764 Romam

256 1818 451 1891 venerunt,
469 1829 506 1875 se
521 1827 658 1900 suaque
677 1804 799 1873 omnia
817 1803 998 1876 dedentes.
1016 1810 1065 1875 Ea
1081 1804 1231 1902 legatio,
1251 1803 1321 1874 vel·

257 1915 311 1986 uti
333 1938 461 2002 omen,
483 1929 581 2011 grata
605 1911 786 2001 Patribus,
818 1911 947 1986 acerba
972 1912 1321 2012 Carthaginiensibus

258 2025 336 2096 fuit.
355 2026 428 2094 Diti
446 2021 561 2121 patri³
577 2023 658 2094 'ludi
672 2022 716 2094 ad
729 2027 945 2112 Terentum,
962 2049 1006 2095 ex
1020 2039 1199 2123 praecepto
1215 2023 1320 2096 libro·

258 2158 339 2203 rum
350 2132 362 2230 [
372 2131 628 2230 Sibyllinorum
637 2131 668 2230 ],
680 2131 763 2204 facti
773 2160 782 2221 ;
794 2136 860 2230 qui
868 2159 964 2206 anno
978 2130 1191 2222 centesim0‚
1205 2136 1320 2232 primo

257 2245 394 2316 Punico
414 2243 533 2333 bello,
549 2246 838 2343 quingentesimo
858 2259 894 2316 et
911 2245 1023 2316 altem
1044 2243 1206 2329 annoab
1224 2243 1318 2315 Urbe

254 2353 418 2442 condita,
437 2352 522 2425 facti
538 2369 650 2425 erant.
666 2355 789 2450 Legati
802 2355 949 2450 triginta
961 2359 1113 2426 Romam
1123 2365 1318 2436 venerunt,

257 2537 290 2584 25
300 2571 307 2595 ‚
316 2547 341 2584 et
352 2535 415 2584 sorte
424 2537 493 2600 Virg.
506 2536 559 2584 Ecl.
570 2537 645 2596 VIII,
659 2536 692 2598 39
705 2533 769 2600 (ubi
811 2532 854 2580 vir
871 2533 975 2597 optimus
985 2535 1112 2600 judicatus
1129 2536 1222 2594 iuerat;
1232 2533 1319 2582 Duker·

257 2618 373 2665 Passerat.
389 2614 421 2662 ad
435 2615 487 2664 Cic.
501 2631 548 2679 pro
561 2617 625 2666 Caec.
638 2629 669 2676 93
686 2615 767 2662 Groev.
811 2611 850 2662 Cf.
860 2612 965 2676 Rupert.
976 2612 1009 2662 ad
1019 2617 1141 2678 Pompon.
1149 2614 1194 2664 lib.
1204 2617 1238 2674 11,
1246 2613 1262 2682 §
1275 2615 1318 2678 373

256 2696 287 2745 ad
298 2695 351 2747 Cic.
360 2693 421 2744 Phil
431 2699 456 2755 t,
469 2697 513 2753 13,
523 2695 612 2759 aliique
623 2693 764 2760 proprimo,
811 2692 843 2739 D.
856 2690 887 2738 de
904 2693 973 2756 Orig.
992 2693 1046 2742 Jur.
1066 2693 1126 2753 Hic,
1141 2694 1233 2758 dequo
1250 2697 1320 2744 etiarn

255 2775 299 2824 sed
308 2777 387 2825 Paria.
399 2775 481 2824 Anim.
490 2775 554 2825 Hist.
565 2791 619 2838 cap.
632 2790 696 2838 7,p.
707 2775 767 2832 282,
810 2767 863 2818 vid.
881 2771 949 2835 Epit.
971 2771 1092 2839 XLVIII,
1112 2772 1150 2820 bis
1168 2775 1253 2822 consul
1275 2777 1320 2824 snit

255 2866 278 2903 et
291 2856 332 2902 alli
344 2855 435 2904 rectius
447 2871 492 2918 pro
506 2854 609 2902 secundo
623 2850 766 2917 accipiunt),
810 2863 832 2896 a.
846 2849 877 2898 U.
893 2850 940 2910 591
951 2860 976 2898 et
986 2850 1054 2913 598,
1070 2867 1199 2900 accensor
1216 2871 1240 2902 a.
1256 2855 1320 2916 594,

256 2942 339 2981 monet
351 2933 456 2992 Duker.;
470 2934 513 2982 sed
531 2934 628 2981 initium
646 2932 704 2980 belli
722 2934 767 2982 Pu·
810 2925 928 2990 eiqueob
939 2929 1174 2994 sapientiam'datnm
1186 2947 1320 2996 cognomen

256 3012 306 3059 nici
326 3014 364 3059 111
378 3023 443 3060 corte
460 3013 597 3061 obsidionis
615 3009 767 3075 Carthaginis
813 3005 959 3065 Corculum
979 3007 1030 3055 vid.
1040 3008 1091 3058 Cic.
1100 3009 1200 3058 Tuscul.
1209 3012 1236 3070 1,
1253 3026 1281 3073 9,
1294 3012 1320 3059 in

255 3090 286 3138 ab
301 3091 414 3138 omnibus
433 3091 555 3139 historicis
568 3091 658 3156 (etiam
668 3099 767 3137 auctore
811 3083 898 3143 Bruto,
913 3099 961 3145 πο,
973 3085 1015 3146 58,
1025 3098 1050 3135 et
1058 3086 1089 3134 de
1097 3088 1154 3136 Nat.
1163 3089 1237 3138 Deor.
1244 3091 1281 3152 11,
1295 3100 1318 3148 a.

256 3169 328 3232 hujus
336 3171 420 3234 .Epis,;
430 3169 482 3218 vid,
493 3187 518 3218 ῃ,
531 3167 564 3234 5)
575 3170 601 3216 in
614 3167 767 3216 consulatum
811 3161 914 3210 illucet
928 3163 953 3212 b.
964 3165 982 3214 l.
997 3176 1082 3213 auctor
1091 3167 1157 3230 Epit.
1171 3167 1235 3214 dixit
1249 3168 1321 3216 etiam

256 3251 283 3298 l..
303 3249 391 3297 Marcii
412 3248 541 3298 Censorini
556 3258 581 3296 et
595 3248 639 3296 Μ’.
656 3246 767 3304 Manilii,
811 3238 881 3302 (non
899 3241 975 3290 modo
992 3239 1184 3308 sapientissimus
1203 3247 1242 3292 vir
1263 3248 1320 3304 fnit,

255 3328 321 3376 huuc
333 3343 390 3376 voro
403 3327 435 3375 ab
452 3327 506 3374 aliis
518 3331 644 3374 Fastorum
653 3319 767 3374 auctori·
811 3318 854 3367 sed
865 3321 940 3370 eriam
951 3316 1060 3387 optimus
1068 3322 1093 3389 );
1106 3335 1132 3372 at
1140 3341 1267 3390 perperam
1278 3345 1321 3392 pn-

255 3397 302 3456 bug
315 3408 341 3454 in
355 3423 377 3456 a,
390 3405 451 3454 Urb,
472 3407 545 3456 cond.
564 3407 652 3466 ΜΝ,
665 3405 696 3453 ab
714 3397 767 3453 aliis
805 3403 875 3447 'tam
889 3400 998 3460 villelm,
1010 3403 1091 3451 efflent
1105 3405 1200 3452 homini
1215 3404 1264 3453 duo
1278 3422 1320 3454 00·

255 3481 315 3536 iria.
326 3485 519 3536 DCVconierri.
538 3486 603 3534 Hinc
616 3485 657 3533 alii
669 3497 716 3548 pro
728 3484 767 3532 al·
810 3479 942 3543 gramina,
957 3482 1050 3546 Optimi
1066 3493 1091 3530 et
1104 3482 1213 3540 Canidi,
1231 3484 1321 3533 tributa

254 3578 305 3615 tero
315 3567 343 3616 h.
355 3567 373 3615 l.
383 3564 520 3626 conjiciunt
529 3554 632 3630 quarto,
643 3563 685 3612 alii
695 3564 764 3628 quin·
810 3559 892 3636 fuisse.
909 3595 944 3604 -
966 3567 1000 3616 Er
1013 3580 1041 3616 ut
1056 3569 1181 3617 tolleretur
1193 3570 1323 3618 deleretur·

255 3657 279 3694 το
307 3639 440 3694 meandum
462 3644 595 3703 Varronis,
614 3643 655 3691 vel
680 3641 764 3707 potius
809 3657 865 3704 que.
884 3649 926 3694 Sic
937 3658 986 3696 vet.
999 3647 1042 3695 lib.
1060 3647 1126 3694 Laid.
1139 3649 1208 3711 Rerg.
1222 3659 1246 3696 et
1256 3652 1321 3696 Lov.

253 3723 324 3773 tertio
350 3715 483 3772 secundum
502 3722 627 3781 Catonis,
649 3720 714 3768 Livii
740 3731 764 3769 at
808 3726 992 3774 macomariam
1013 3726 1150 3783 deletarum
1168 3727 1204 3774 sic
1219 3728 1317 3792 praefert

254 3801 376 3852 Dodwelli
392 3801 584 3865 chronologiam.
603 3799 676 3850 Coni.
696 3815 721 3848 n.
741 3800 764 3846 3.
810 3805 912 3854 Nervis.
925 3816 1013 3870 praeter
1032 3804 1137 3869 reliquas
1156 3816 1212 3854 ante
1235 3806 1316 3870 Sigon.

287 3896 312 3928 a.
325 3880 461 3944 Sciprionem
475 3880 608 3936 Nasicam,
626 3879 668 3942 qui
689 3877 763 3926 etiam
808 3884 864 3932 edd.
879 3887 923 3933 En.

163 3962 167 3982 ¹
252 3958 438 4022 viroptimusa
452 3971 538 4006 senata
552 3956 677 4020 judicatus
690 3968 762 4003 erat:
843 3956 867 4004 3.
885 3956 938 4004 Diti
955 3954 1027 4020 patri
1044 3969 1072 4002 ac
1095 3953 1246 4016 Proserpinae
1269 3955 1321 4000 ludi

27 4555 193 4638 ἱΑ

255 4039 288 4084 ita
298 4047 323 4084 et
332 4035 435 4084 Diodor.
446 4035 472 4082 in
481 4039 540 4086 Exc.
551 4036 656 4084 Peiresc.
662 4052 689 4099 p.
702 4035 761 4090 382,
806 4033 932 4082 seculares
940 4051 983 4082 seu
992 4033 1124 4090 Tarentini,
1136 4031 1173 4080 ad
1181 4033 1315 4094 Terentiana,

249 4114 296 4162 Sed
310 4114 350 4160 bic
361 4111 426 4160 filius
437 4113 510 4161 luisse
521 4114 619 4163 videtur
629 4111 760 4178 illius,qui
804 4114 886 4162 iocum
904 4115 931 4162 in
948 4127 1033 4176 campo
1049 4112 1139 4159 Martio
1151 4125 1230 4173 prope
1241 4109 1315 4158 ‘libe-
