2976 4712
478 402 772 484 ‚urrunnun
805 408 951 474 Livii.
1187 393 1261 491 asi·-

199 521 295 592 lerro
315 507 590 616 contenderunt.
614 527 737 614 Quum
760 517 999 623 Astapaurbs
1018 525 1064 597 ab
1086 530 1283 598 Romanis.

198 646 485 728 oppugnaretur,
507 627 678 731 oppidani
695 633 828 706 liberos
846 642 883 720 et
898 636 1069 732 conjuges
1088 661 1177 734 rogo
1194 663 1257 708 ex-

198 754 333 821 structo
365 741 594 829 occiderunt,
626 759 730 816 etse
758 747 907 842 insuper
934 747 1256 843 praecipitaverunt.

197 853 279 946 Ipse
298 851 434 948 Scipio,
451 851 649 949 dumgravi
665 853 796 925 morbo
813 854 1005 952 implicitus
1020 867 1097 944 est,
1116 857 1257 928 seditio-

197 983 297 1047 nem,
311 963 349 1030 in
363 977 464 1058 parte
478 964 656 1035 exercitus
670 979 804 1036 motam
812 1019 822 1052 ,
839 963 1070 1036 confirmatus
1082 965 1257 1054 discussit,

197 1067 486 1169 rebellantesque
499 1072 676 1170 Hispaniae
687 1075 842 1172 p'opulos
856 1077 972 1172 coegit
986 1077 1023 1146 in
1038 1075 1258 1147 deditionem

197 1183 339 1271 veniret
360 1198 416 1272 et,
434 1185 588 1256 amicitia
609 1183 701 1257 facta
722 1211 804 1258 cum
824 1187 1006 1257 Masinissa
1027 1211 1110 1283 rege
1132 1190 1257 1280 Numi·

197 1290 345 1391 darum,
372 1295 437 1390 qui
459 1294 727 1379 illi-auxilium,
749 1297 779 1366 si
805 1297 842 1364 in
867 1293 1019 1366 Africam
1043 1295 1258 1389 trajecisset,

197 1402 452 1499 pollicebatur,
477 1422 559 1477 cum
585 1405 767 1476 Gaditanis
793 1429 940 1502 quoque
963 1419 1044 1503 post
1062 1403 1266 1476 discessum

196 1510 282 1590 iude
295 1516 477 1610 Magonis,
494 1516 553 1585 cui
569 1540 613 1586 ex
629 1514 1032 1612 Carthagineseriptum
1050 1529 1146 1601 erat,
1164 1527 1205 1584 ut
1222 1517 1261 1583 in

196 1620 333 1693 Italiam
358 1624 556 1718 trajiceret,
577 1629 727 1694 Romam
747 1640 911 1694 reversus
935 1623 1135 1719 consulque
1159 1621 1258 1694 crea*-

196 1744 265 1802 tus.
281 1730 435 1803 Africam
449 1735 670 1830 provinciam
685 1736 840 1831 petenti,
855 1731 1123 1803 contradicente
1139 1735 1182 1822 Q.
1198 1738 1258 1807 Fa·

185 1839 258 1918 bio
273 1844 451 1930 Maximo,
469 1843 584 1914 Sicilia
602 1843 683 1914 data
701 1857 770 1931 est;
787 1845 1090 1940 permissumque,
1110 1841 1147 1910 in
1165 1837 1263 1910 Afri--

197 1975 275 2022 cam
293 1953 492 2049 trajiceret,
512 1954 541 2024 si
563 1978 608 2024 ex
624 1952 825 2051 republica
841 1977 917 2022 esse
940 1951 1110 2022 censeret.
1130 1954 1256 2046 Mago,

197 2061 402 2134 Hamilcaris
422 2062 538 2150 filius,
558 2089 579 2134 a
594 2065 734 2134 minore
749 2062 876 2133 Baliari
893 2061 1027 2148 insula,
1045 2059 1109 2130 ubi
1125 2059 1258 2130 hiema
1304 2143 1307 2150 ,

196 2185 269 2259 rat,
287 2173 325 2244 in
344 2173 481 2244 Italiam
501 2175 647 2268 trajecit.

443 2377 671 2444 EPITOME
702 2377 839 2444 LIBRI
871 2377 1008 2443 XXIX.

245 2563 297 2628 Ex
323 2558 498 2628 Sicilia'C.
522 2557 648 2628 Laelius
668 2561 706 2626 in
726 2556 878 2628 Africam
902 2583 921 2626 a
945 2557 1113 2653 Scipione
1131 2556 1259 2626 missus

197 2667 380 2765 ingentem
404 2667 560 2764 praedam
581 2671 795 2764 reportavit,
820 2682 855 2737 et
879 2663 1047 2735 mandata
1065 2665 1259 2734 Masinissae
1334 2657 1337 2663 Δ

198 2777 354 2872 Scipioni
369 2779 566 2874 exposuit¹,
579 2777 851 2874 conquerenda,
866 2773 968 2870 quod
984 2772 1147 2842 nondum
1164 2797 1259 2843 exer·

198 2887 311 2956 citum
324 2887 361 2955 in
379 2884 529 2956 Africam
547 2881 750 2981 trajecisset.
773 2884 911 2956 Bellum
932 2885 969 2950 in
989 2882 1157 2978 Hispania
1175 2879 1258 2951 fini-

199 3010 296 3084 tum,
313 2997 449 3067 victore
463 3021 632 3082 romano,
648 2994 746 3091 quod
759 2992 922 3066 Indibilis
937 2993 1170 3074 excitaverat,
1183 2992 1260 3088 ipse

197 3108 235 3176 in
257 3107 331 3177 acie
351 3099 508 3190 occisuS,
523 3104 739 3176 Mandonius
757 3099 1036 3201 exposcentibus
1057 3101 1260 3170 Romanisa

199 3218 273 3288 suis
296 3217 436 3290 deditus
461 3231 523 3287 est.
550 3216 714 3312 Magoni,
733 3215 797 3312 qui
818 3216 857 3284 in
881 3211 996 3284 Gallia
1014 3227 1050 3282 et
1071 3210 1259 3308 Liguribus

200 3342 295 3412 erat,
317 3352 359 3397 ex
378 3323 495 3398 Africa
513 3341 549 3396 et
563 3324 720 3395 militum
735 3314 995 3421 ampla'manus
1010 3322 1132 3406 missa,
1149 3335 1185 3390 et
1199 3344 1259 3416 pe-

200 3435 334 3516 cuniae,
350 3433 482 3530 quibus
500 3434 630 3506 auxilia
646 3432 882 3519 conduceret,
894 3445 1204 3530 praeceptumque,
1220 3444 1261 3499 ut

199 3567 237 3614 se
258 3543 449 3615 Hannibali
470 3545 645 3641 jungeret.
668 3545 790 3640 Scipio
807 3567 826 3612 a
847 3542 1026 3638 Syracusis
1046 3541 1083 3609 in
1106 3541 1260 3609 Bruttios

199 3652 356 3747 trajecit,
375 3669 411 3724 et
429 3659 580 3739 Locros,
604 3652 709 3749 pulso
730 3655 864 3723 Punico
882 3651 1045 3750 praesidio
1065 3647 1260 3745 fugatoque

199 3855 241 3888 aa.
259 3841 288 3886 In
304 3840 367 3888 MSS
388 3851 412 3888 et
432 3840 487 3887 edd.
506 3852 568 3889 antt.
587 3839 705 3896 Oisiaua,
752 3856 837 3889 vocem
856 3852 903 3896 est,
918 3855 989 3902 quam
1002 3855 1015 3886 a
1028 3849 1076 3886 ret.
1089 3836 1130 3886 llb.
1146 3836 1260 3900 Sigonius

201 3915 291 3982 Gigia,
314 3917 396 3974 Gisia,
418 3917 520 3980 Gytliia,
540 3917 649 3977 Gnatia.
674 3948 707 3956 --
752 3921 833 3968 abessa
858 3929 972 3966 testatur:
995 3929 1020 3965 et
1048 3915 1139 3964 omittit
1162 3931 1260 3978 quoque

116 4003 119 4013 ¹
199 3997 234 4043 Et
250 3996 361 4044 amicitia
374 3995 445 4060 facta
464 4013 518 4044 cum
534 3997 702 4045 Masinissa...
753 3995 956 4067 Campanusasic
970 3997 1034 4044 enim
1051 3994 1180 4044 rotundior
1193 3995 1260 4042 vide-

200 4077 302 4122 Romam
316 4077 430 4123 'reversus
446 4075 526 4139 Vulgo
553 4077 583 4123 Et
599 4077 708 4124 amicitia
753 4085 792 4122 tur
801 4076 887 4124 oratIo.
898 4077 943 4124 lin.
971 4075 973 4082 '
1016 4134 1023 4144 ἱ

193 4151 269 4213 facta
289 4165 330 4202 est.
345 4153 460 4204 Delevere
471 4155 541 4203 Crev.
554 4165 577 4202 et
586 4154 707 4204 Drakenb.
788 4157 856 4203 Errr.
867 4155 964 4204 XXIX.
982 4170 1004 4202 1.
1014 4152 1121 4216 Scipioni
1134 4151 1258 4216 esposuit,
