2982 4702
265 395 328 464 182
426 487 431 498 Ι
678 401 717 465 Τ.
748 399 889 467 LlVll
1174 379 1238 484 iad]
1253 383 1299 485 iii.
1361 399 1365 410 ¹

256 521 393 616 Tempe
411 530 625 614 occuparet,
644 520 828 616 praemisso
847 517 999 615 Popillio
1017 518 1063 591 ad
1082 519 1325 618 explorandos

256 628 427 700 transitus
447 629 540 700 eirca
560 630 690 722 Dium,
709 644 900 727 postquam
918 644 1041 727 patere
1060 632 1181 702 omnia
1194 633 1234 702 in
1250 658 1325 704 om-

256 761 322 810 nes
340 752 458 836 partes
480 739 752 829 animadvertit,
772 737 939 811 secundis
957 739 1080 814 castris
1094 742 1261 838 pervenit
1280 742 1326 813 ad

255 853 387 940 Dium,
403 856 606 952 metarique
622 852 690 926 sub
707 856 786 951 ipso
807 853 965 952 templo,
988 879 1035 925 ne
1055 853 1146 952 quid
1165 879 1269 928 sacro
1286 859 1325 926 in

256 961 337 1056 loco
358 955 574 1048 violaretur,
590 966 706 1060 jussit.
729 971 831 1063 lpse,
852 964 983 1036 urbem
1004 966 1204 1062 ingressus,
1232 969 1326 1061 sicut

230 1161 235 1172 δ
256 1098 334 1144 ιιοιι
353 1098 542 1171 magnam,
565 1077 616 1146 ita
637 1089 846 1147 exornatam
866 1073 1018 1173 publicis
1040 1075 1128 1146 locis
1147 1089 1183 1148 et
1201 1076 1325 1146 multi·

257 1183 384 1256 tudine
412 1199 611 1257 statuarum
626 1195 654 1273 ²,
685 1186 936 1281 munitamque
963 1185 1128 1283 egregie,
1154 1185 1214 1256 vix
1242 1186 1325 1256 satis

256 1295 420 1385 credere,
434 1297 472 1366 in
487 1297 595 1368 tantis
609 1295 718 1368 rebus
732 1295 809 1367 sine
821 1293 925 1368 causa
936 1296 1068 1368 relictis
1077 1319 1154 1366 non
1166 1297 1325 1394 aliquem

257 1403 404 1478 subesse
422 1405 558 1478 dolum.
578 1410 701 1478 Unum
721 1407 816 1478 diem
836 1406 882 1478 ad
901 1405 1122 1506 exploranda
1137 1409 1230 1479 circa
1244 1432 1325 1478 om-

256 1517 317 1588 nia
332 1531 511 1603 moratus,
530 1531 644 1588 castra
662 1531 802 1603 movet3
822 1518 978 1614 satisque
997 1516 1149 1588 credens
1162 1534 1325 1615 paratam

256 1624 431 1699 frumenti
452 1627 592 1724 copiam
611 1625 709 1714 fore,
731 1651 775 1698 eo
796 1626 854 1697 die
872 1626 918 1698 ad
935 1651 1080 1700 amnem
1094 1628 1242 1698 nomine
1255 1629 1324 1697 Mi·

257 1753 321 1834 tyn
347 1739 531 1835 processit.
562 1740 710 1808 Postero
734 1735 793 1808 die
816 1760 1045 1833 progressus,
1070 1739 1239 1833 Agassam
1264 1761 1325 1806 ur-

256 1847 359 1934 bem,
375 1846 601 1920 tradentibus
617 1872 694 1920 sese
712 1849 816 1944 ipsis,
834 1844 1014 1944 recepit33
1034 1863 1089 1935 et,
1106 1862 1148 1918 ut
1165 1846 1325 1944 reliquo-

256 1984 339 2032 rurn
361 1957 602 2030 Macedonum
629 1960 770 2030 animos
793 1957 863 2030 sibi
884 1958 1112 2046 conciliaret,
1134 1957 1327 2030 obsidibus

258 2084 469 2157 contentus,
485 2071 562 2141 sine
576 2069 742 2168 praesidio
755 2069 962 2166 relinquere
978 2070 1082 2162 sexeis
1094 2068 1222 2141 urbem
1231 2071 1326 2158 ‚im-

258 2205 460 2278 munesque
490 2205 530 2252 ac
557 2181 631 2254 suis
656 2179 796 2278 legibus
821 2179 1023 2264 victurosl,
1050 2193 1104 2250 est
1131 2180 1323 2277 pollicitus.

258 2297 469 2390 Progressus
485 2291 573 2363 iude
594 2290 666 2362 diei
684 2293 764 2378 iter,
779 2289 825 2362 ed
838 2290 1034 2364 Alcordum
1051 2289 1189 2362 flumen
1202 2293 1327 2389 posuit

198 2439 201 2444 ·
258 2416 394 2491 castra,
414 2416 472 2489 et,
494 2415 672 2498 quantum
693 2399 906 2498 procederet
928 2400 1073 2499 longius
1090 2426 1110 2471 a
1128 2399 1326 2486 Thessalia,

257 2537 303 2584 eo
316 2511 488 2607 majorem
504 2536 628 2582 rerum
641 2512 806 2584 omnium
820 2512 981 2609 inopiam
995 2511 1171 2600 sentiens,
1186 2535 1327 2607 regres-

259 2647 319 2694 sus
332 2621 376 2693 ad
389 2623 498 2692 Dium
514 2618 586 2709 e'st3
602 2619 828 2693 dubitatione
843 2617 1013 2693 omnibus
1031 2635 1216 2719 exempta,
1237 2621 1327 2716 quid

258 2731 454 2806 intercluso
476 2729 520 2801 ab
534 2729 715 2803 Thessalia
732 2731 942 2828 patiendum
961 2730 1105 2817 luisset,
1126 2732 1185 2802 cui
1198 2733 1327 2829 procul

258 2839 344 2916 inde
362 2841 556 2913 abscedere
578 2854 699 2917 tutum
721 2867 798 2912 non
818 2857 921 2914 esset.
945 2847 1115 2931 Perseus,
1134 2847 1326 2916 contractis

259 3059 285 3101 et
306 3045 433 3096 Lueretius
454 3045 553 3094 videtur
572 3061 623 3094 esse
641 3045 771 3110 pretorius
814 3047 858 3106 tv,
874 3047 921 3104 62,
939 3058 963 3095 et
981 3047 1078 3100 Anien.
1096 3047 1140 3094 lib.
1158 3048 1186 3103 1,
1206 3062 1262 3111 pag.
1284 3055 1326 3110 47.
1422 3036 1424 3044 ’

257 3120 332 3196 (uide
348 3127 381 3176 ad
394 3129 479 3187 ml,
506 3125 538 3190 9)
570 3137 596 3175 et
616 3142 647 3174 ex
668 3127 710 3187 iis,
727 3125 771 3190 qui
850 3127 1009 3190 &Agassas
1022 3125 1104 3174 urbem
1121 3124 1274 3173 Macedoniae
1287 3130 1327 3177 vel

259 3205 352 3256 tribuni
384 3206 490 3255 militum
519 3205 644 3257 consulem
673 3205 770 3270 sequuti
814 3205 898 3272 potins
911 3205 1041 3254 Thessaliae
1060 3203 1126 3269 (nam
1149 3219 1206 3252 cum
1227 3205 1324 3269 AEginio

259 3297 338 3335 erant.
351 3285 424 3338 Conl.
438 3302 492 3350 cap.
508 3301 517 3332 ι
529 3285 770 3350 pr.-Metarique,
815 3286 916 3352 Agassae
929 3285 1067 3349 iunguntur
1085 3284 1164 3342 m,
1176 3299 1208 3344 ²7
1226 3300 1265 3348 pr.
1282 3284 1326 3332 obi

258 3365 321 3414 sorte
340 3375 506 3428 metatusque,·
517 3366 592 3413 Drals.
603 3392 637 3401 —
651 3365 699 3412 Sub
717 3365 770 3429 ipso
815 3363 865 3412 vid.
875 3363 975 3428 nris),
986 3362 1136 3411 tradentibus
1144 3377 1195 3410 sese
1208 3362 1277 3428 ipsis,
1291 3379 1326 3410 re·

260 3443 364 3508 templo;
378 3444 494 3507 templum
507 3444 578 3492 Jovis
593 3444 714 3508 intellige,
728 3461 770 3494 ou·
816 3442 963 3506 cepit;vide
976 3443 1118 3505 adIII,t7,
1142 3459 1168 3490 n.
1181 3458 1204 3490 1.

256 3527 298 3588 jus
313 3523 423 3572 meminit
441 3523 531 3571 Noster
553 3522 599 3572 sub
620 3521 694 3572 finem
717 3539 770 3588 cap.
851 3525 1008 3578 t.lmmunes
1024 3538 1055 3569 ac
1071 3521 1120 3570 suis
1139 3521 1230 3588 legibus
1242 3521 1325 3570 vietu-

149 3620 152 3632 ·
259 3605 488 3672 praeostendens.
815 3616 875 3658 ros;
888 3600 945 3648 vide
962 3601 994 3648 sd
1011 3603 1095 3658 XXV,
1115 3600 1161 3660 ιθ,
1176 3618 1201 3651 ιι.
1224 3610 1250 3658 t.
1264 3603 1326 3654 Mox

295 3702 319 3735 s.
331 3685 488 3735 exornatam
497 3683 565 3748 publ.
582 3683 640 3732 loeis
654 3694 678 3730 et
691 3682 770 3730 multi·
815 3691 908 3743 quanto
929 3696 975 3745 pro
993 3692 1114 3746 quantum
1132 3683 1198 3741 conj.
1215 3684 1282 3731 Mur.
1302 3693 1326 3730 et
1416 3703 1418 3710 ·

260 3764 344 3814 stedine
352 3775 502 3820 statuarum,
519 3762 605 3810 ststnis
617 3762 771 3827 potissimum
814 3761 894 3810 Gron-
904 3759 952 3808 Sed
964 3760 1015 3808 vid.
1027 3762 1078 3816 111,
1094 3760 1135 3820 15,
1144 3777 1169 3808 ιι.
1183 3761 1326 3809 r.-Dubt'·

260 3845 333 3894 aeneis
347 3843 484 3892 occisorum
495 3826 523 3890 in
535 3842 621 3908 praelio
638 3840 669 3888 ad
683 3841 771 3890 Grani·
815 3839 907 3886 tatiane
928 3839 1037 3888 omnibus
1058 3851 1188 3904 exempta,
1209 3840 1326 3892 brevitate

260 3937 329 3980 eum,
342 3939 355 3970 a
368 3913 477 3986 Lysippo
486 3919 612 3979 conflatis,
621 3936 681 3983 quus
695 3920 771 3968 Alex·
814 3918 918 3983 eleganti
929 3936 975 3984 pro
988 3933 994 3967 :
1008 3931 1139 3984 postquam
1147 3937 1228 3970 rerum
1237 3931 1326 3970 statum

261 3999 336 4048 sudet
350 4001 386 4047 M.
407 4001 450 4048 Dii
470 3999 595 4064 ponendas
613 3999 722 4058 curavit,
744 4010 773 4047 ut
815 3996 847 4045 ita
862 3999 971 4046 omnium
985 4009 1041 4047 ente
1056 4000 1143 4048 oculos
1157 4012 1284 4065 posuerat,
1299 4011 1326 4047 ut

263 4076 332 4137 urbi,
344 4077 376 4126 ab
387 4078 474 4126 AEtolis
487 4093 589 4136 eversis,
601 4093 693 4126 novum
705 4077 773 4126 daret
815 4078 943 4144 perspicue
961 4078 1064 4143 quisque
1087 4079 1245 4148 intelligeret,
1266 4078 1328 4146 quid

264 4155 438 4231 splendorem
463 4158 548 4210 conset
569 4157 601 4208 td
623 4155 771 4229 Polybium,
817 4157 959 4216 intercluso,
971 4169 1018 4208 etc.
1029 4161 1077 4212 En.
