2976 4712
253 389 321 468 422
656 383 904 466 EPITOMAE

251 503 468 591 Hannibale,
487 505 633 602 recepit.
652 508 725 576 Pax
743 527 826 576 cum
844 502 1012 602 Philippo
1028 503 1120 576 facta
1139 520 1202 580 est.
1224 506 1312 578 Idaea

251 633 365 690 mater
376 615 564 714 deportata
576 630 629 688 est
642 621 795 688 Romam
806 642 827 689 a
837 616 1048 690 Pessinunte
1058 615 1194 714 oppido
1209 617 1312 718 Phry·

250 731 334 826 giae‚
356 727 513 798 carmine
531 727 569 795 in
590 725 690 798 libris
713 725 895 822 Sibyllinis
915 725 1084 814 invento,
1094 725 1190 824 pelli
1204 725 1313 804 Italia

249 839 490 934 alienigenam
513 835 652 906 hostem
665 859 794 932 posse,
815 843 848 906 si
864 850 981 906 mater
999 835 1104 906 Idaea
1126 835 1312 934 deportata

251 953 402 1018 Romam
419 959 517 1016 esset.
534 943 677 1016 Tradita
690 960 810 1016 autem
824 959 878 1015 est
892 946 1063 1016 Romanis
1074 969 1143 1044 wper
1157 943 1311 1024 Attalum

250 1081 372 1155 regem
390 1058 490 1128 Asiae.
510 1057 619 1154 Lapis
635 1069 731 1143 erat,
749 1079 859 1154 quem
876 1059 1027 1126 Matrem
1051 1049 1172 1157 Deum
1190 1055 1312 1128 incolae

252 1166 428 1241 dicebant.
452 1168 600 1264 Excepit
626 1171 664 1237 P.
690 1165 809 1263 Scipio
832 1166 958 1239 Nasica
982 1169 1047 1236 Cn.
1072 1162 1187 1251 filius,
1216 1164 1312 1259 ejus,

251 1279 316 1374 qui
336 1278 374 1356 in
394 1277 564 1375 Hispania
583 1277 754 1380 perierat,
775 1275 830 1344 vir
847 1275 1007 1373 optimus
1028 1298 1050 1344 a
1071 1287 1199 1344 senatu
1217 1271 1312 1368 judi-

252 1403 372 1474 catus,
394 1387 602 1470 adolescens
627 1383 793 1459 nondum
818 1386 1052 1482 quaestorius,
1074 1385 1249 1480 quoniam
1266 1385 1314 1454 ita

253 1521 467 1596 responsum
483 1485 659 1592 jubebat,
680 1513 723 1566 nt
739 1511 872 1568 numen
891 1497 932 1566 id
945 1494 993 1568 ab
1009 1501 1145 1594 optimo
1162 1500 1242 1564 viro
1264 1519 1315 1564 re-

252 1615 428 1708 ciperetur
439 1623 786 1704 consecraremrque.
804 1613 1001 1706 Locrenses
1014 1606 1151 1705 legatos
1164 1611 1314 1676 Romam

251 1722 446 1806 miserunt,
463 1720 528 1815 qui
545 1717 591 1788 de
605 1719 817 1817 impotentia
832 1721 876 1808 Q.
891 1717 1054 1788 Pleminii
1068 1717 1174 1814 legati
1189 1739 1315 1812 quere·

251 1846 392 1918 rentur,
410 1829 514 1926 quod
532 1829 723 1928 pecuniam
739 1829 960 1926 Proserpina
981 1825 1195 1912 abstulerat,
1218 1840 1254 1896 et
1271 1825 1315 1896 li·

250 1937 359 2011 beros
381 1962 506 2010 eorum
532 1963 573 2010 ac
593 1939 766 2036 conjuges
785 1952 1017 2036 stupraverat.
1039 1937 1255 2022 Pleminin5‚
1278 1937 1314 2009 in

251 2049 387 2119 catenis
413 2053 563 2121 Romam
591 2049 809 2146 perductus,
835 2049 874 2123 in
900 2072 1042 2120 carcere
1063 2061 1231 2120 mortuus
1253 2059 1314 2117 est.

252 2161 376 2247 Quum
399 2156 507 2229 falsus
528 2184 654 2230 rumor
676 2158 722 2229 de
743 2164 779 2229 P.
804 2159 971 2256 Scipione
991 2157 1230 2255 proconsule,
1252 2157 1315 2253 qui

253 2268 291 2336 in
312 2265 428 2338 Sicilia
447 2282 542 2356 erat,
561 2270 599 2339 in
623 2269 761 2340 Urbem
779 2268 937 2364 perlatus
957 2281 1070 2355 esset,
1090 2267 1315 2365 tanquamis

251 2377 515 2466 luxuriaretur3
533 2378 647 2449 missis
668 2376 717 2449 ob
735 2377 808 2450 hoc
830 2377 954 2474 legatis
969 2403 991 2446 a
1011 2390 1158 2472 senatu,
1178 2379 1241 2471 qui
1258 2400 1315 2446 ex·

252 2487 453 2587 plorarent,
473 2511 519 2556 an
537 2511 676 2558 cavera
692 2503 829 2575 essent,
846 2501 1021 2584 purgatus
1038 2483 1184 2567 infamia
1197 2487 1315 2584 Scipio

251 2597 290 2666 in
319 2593 471 2667 Africam
499 2597 657 2691 trajecit,
679 2612 824 2669 senatus
850 2597 1038 2694 permissu.
1064 2594 1230 2692 Syphax,
1257 2620 1315 2665 ac·

253 2722 356 2804 cepta
369 2707 406 2776 in
420 2708 689 2777 matrimonium
704 2705 777 2777 filia
789 2705 1021 2778 Hasdrubalis
1034 2706 1221 2803 Gisgonis,
1235 2707 1317 2775 ami·

254 2817 365 2902 citiae,
383 2841 492 2912 quarn
508 2841 590 2887 cum
609 2817 777 2914 Scipione
793 2818 870 2914 ipsa
881 2817 1069 2912 junxerat,
1084 2817 1314 2886 renuntiavit.

252 2927 453 3010 Masinissa,
477 2951 542 2997 rex
562 2927 834 3022 Massyliorum,
856 2926 943 3004 dum
962 2951 1029 3023 pro
1045 2925 1315 3023 Carthaginien-

253 3035 352 3107 sibus
365 3031 403 3107 in
417 3039 587 3136 Hispania
600 3038 746 3125 militat,
763 3039 891 3108 amisso
905 3050 1007 3134 patre
1023 3036 1127 3125 Gala,
1143 3035 1189 3106 de
1202 3059 1316 3132 regno

254 3146 442 3218 exciderat.
470 3150 553 3238 Quo
584 3172 649 3245 per
677 3145 814 3218 bellum
845 3172 937 3245 saepe
966 3147 1146 3244 repetito,
1177 3145 1316 3244 aliquot

166 3313 171 3321 .
252 3257 380 3354 praeliis
400 3283 420 3328 a
439 3257 600 3356 Syphace
618 3283 702 3356 rege
722 3257 957 3330 Numidarum
979 3258 1114 3345 victus,
1136 3258 1174 3326 in
1195 3253 1316 3328 totum

251 3369 411 3464 privatus
438 3383 519 3438 est:
543 3382 580 3439 et
606 3393 689 3439 cum
715 3367 880 3438 ducentis
909 3365 1091 3465 equitibus
1117 3365 1218 3437 exsul
1241 3367 1315 3436 Sci-

251 3477 353 3573 pioni
376 3502 413 3548 se
437 3477 577 3571 junxit3
599 3493 634 3548 et
658 3503 741 3549 curn
761 3502 805 3548 eo
827 3479 944 3582 primo
969 3479 1087 3547 statim
1107 3475 1205 3548 bello
1221 3481 1316 3546 Han·

253 3611 387 3658 nonem
404 3588 611 3660 Hamilcaris
627 3585 741 3657 filium
758 3611 841 3659 cum
858 3585 974 3685 ampla
994 3610 1104 3657 manu
1121 3587 1314 3656 interemit.

254 3698 394 3795 Scipio,
417 3697 573 3771 adventu
593 3696 822 3778 Hasdrubalis
843 3712 879 3768 et
903 3697 1092 3794 Syphacis,
1114 3696 1178 3792 qui
1199 3719 1317 3793 prope

253 3829 333 3878 cum
354 3823 501 3884 ceratum
521 3806 680 3880 millibus
704 3823 923 3886 armatorum
942 3821 1133 3894 venerant,
1152 3805 1199 3878 ab
1218 3804 1317 3877 obsi·

255 4061 440 4121 conquerentis,
456 4072 502 4110 etc.
518 4064 553 4111 Ita
571 4062 700 4113 ediderunt
719 4079 760 4114 re·
804 4061 867 4110 illud
897 4062 1001 4118 alterum
1025 4061 1160 4109 accuratius
1186 4060 1321 4124 rependet

255 4136 341 4194 iustius
353 4138 412 4194 cusi.
426 4141 505 4194 Gran.
519 4140 578 4189 edit.
592 4138 761 4206 exponit-Sed
806 4146 840 4211 tfp
851 4142 990 4207 reportavit,
1003 4141 1070 4206 quod
1078 4139 1203 4206 praecedit.
1214 4141 1262 4189 En.
