2970 4712
267 409 337 495 344
699 411 737 477 Τ·
763 413 896 480 LlVll
1174 394 1202 492 iij
1215 395 1239 490 i.
1252 395 1299 491 ill.

262 530 467 601 «meminit.
493 534 619 626 Itaque
643 545 885 602 accusatorem
903 529 940 600 id
963 532 1054 602 scire
1072 531 1233 628 potuisse
1243 529 1271 618 ⁶,
1291 546 1324 600 et

261 663 590 736 «supervacaneam
615 638 860 712 defensionem
880 641 994 712 Paulli
1017 639 1137 713 fuisse.
1154 641 1324 713 Transea-

261 765 353 819 «tur
378 748 421 818 ad
446 749 590 820 alteram
610 752 850 822 concionem:
875 775 944 822 nec
963 751 1122 839 Quirites
1139 775 1205 822 vos
1215 763 1241 840 ⁷,
1263 752 1325 823 sed

263 888 280 923 u
294 857 424 928 milites
449 858 573 930 videor
597 859 861 960 appellaturus,
890 862 918 932 si
943 885 1079 932 nomen
1102 861 1182 958 hoc
1197 862 1322 934 saltem

204 1041 206 1054 Ι
260 967 462 1039 «ruborem
480 969 717 1055 incutere,·'et
733 965 1159 1067 verecundiam'aliquam
1176 971 1323 1070 impera·

228 1155 229 1158 ,
261 1081 380 1149 «toris
397 1078 555 1150 violandi
574 1077 702 1150 afferre
720 1082 842 1178 possit.

278 1211 279 1220 ¹
311 1193 504 1262 XXXVIII.
519 1219 535 1254 u
546 1190 724 1285 Equidem
735 1193 812 1288 ipse
824 1190 924 1262 aliter
935 1187 1084 1262 affectus
1098 1191 1218 1262 animo
1230 1213 1323 1274 snm,

261 1300 356 1402 «qui
374 1298 469 1395 apud
488 1299 683 1369 exercitum
702 1298 790 1368 mihi
808 1299 909 1397 loqui
926 1300 1066 1388 videar,
1085 1324 1196 1397 quam
1218 1300 1323 1397 paulo

261 1436 280 1473 e
293 1421 376 1480 ante
390 1433 503 1498 eram,
515 1434 629 1506 quum
646 1408 690 1479 ad
705 1409 849 1506 plebem
861 1409 1036 1480 urbanam
1051 1407 1235 1506 spectabat
1248 1433 1323 1478 ora·

255 1511 278 1583 'a
290 1519 352 1588 tio.
373 1517 469 1609 Quid
488 1521 593 1588 etiam
612 1518 726 1588 dicitis
738 1530 763 1606 1,
779 1520 936 1590 milites?
953 1513 1091 1615 Aliquis
1112 1534 1167 1590 est
1182 1525 1322 1606 Roma,

262 1656 279 1690 a
292 1641 422 1723 praeter
436 1631 583 1713 Persea,
604 1629 667 1723 qui
685 1628 899 1724 triumphari
918 1627 964 1699 de
982 1626 1242 1700 Macedonibus
1258 1653 1322 1698 no·

260 1764 277 1799 a
290 1735 356 1804 lit?
375 1749 512 1806 etcum
529 1759 603 1804 non
625 1736 749 1807 iisdem
771 1737 936 1808 manibus
956 1736 1173 1835 discerpitis,
1191 1738 1323 1835 quibus

259 1874 276 1908 α
289 1843 505 1915 Maccdonas
516 1845 676 1916 'vicistisl
690 1848 842 1917 Vincere
858 1871 922 1916 vos
938 1845 1204 1944 prohibuisset,
1221 1847 1250 1916 si
1265 1869 1323 1942 po

259 1955 442 2042 «tuissct,
472 1955 535 2050 qui
566 1955 827 2051 triumphantes
854 1954 990 2025 Urbem
1022 1955 1113 2025 inire
1143 1952 1321 2051 prohibet.

260 2064 441 2149 «Erratis,
458 2062 609 2151 milites,
627 2065 657 2134 si
676 2064 899 2161 triumphum
919 2065 1146 2160 imperatoris
1165 2079 1321 2148 tantum,

259 2201 276 2236 ι(
291 2184 327 2240 et
350 2195 425 2240 non
449 2170 604 2241 militum
623 2197 771 2268 quoque
790 2187 825 2244 ct
843 2174 999 2244 universi
1016 2174 1144 2270 populi
1162 2175 1321 2258 romani,

260 2303 368 2350 «esse
394 2278 503 2350 decus
523 2282 685 2352 censetis.
711 2283 796 2354 Non
821 2284 929 2354 unius
954 2282 1024 2355 hoc
1049 2283 1161 2354 Paulli
1172 2294 1197 2353 ².
1218 2284 1322 2355 Multi

259 2471 328 2520 bium
342 2473 478 2520 Maximum
495 2473 637 2522 dictatorem
652 2490 677 2522 se
691 2492 770 2540 gesse·
815 2491 862 2526 tur.
873 2499 886 2519 n
897 2478 971 2526 brak.
986 2479 1057 2528 Conf.
1072 2479 1104 2527 ad
1114 2481 1234 2542 1,‚13,n.
1248 2480 1279 2539 53
1291 2479 1321 2525 ad

258 2543 306 2614 rii,
318 2563 343 2600 et
355 2568 427 2616 quarn
441 2553 627 2602 obtrectationis
637 2565 661 2602 et
671 2556 769 2602 temeri-
815 2558 894 2604 Tacit.
907 2558 974 2606 Ann.
984 2560 1009 2619 1,
1022 2565 1053 2612 ta
1062 2592 1070 2619 ,
1080 2573 1105 2604 n.
1120 2566 1149 2615 t;
1160 2560 1243 2622 lntpp.
1255 2560 1320 2606 Suet.
1349 2565 1351 2574 '

261 2631 318 2680 tetis
334 2647 432 2695 poenam
448 2631 490 2680 ille
505 2632 612 2691 dederit,
625 2645 706 2682 narrat
718 2636 770 2684 No·
815 2636 875 2684 Caes.
889 2651 936 2696 7o;
947 2635 1061 2684 Oudend.
1071 2635 1103 2682 ad
1117 2637 1249 2694 aucant,
1259 2635 1321 2695 35&

260 2721 309 2760 ster
323 2727 396 2776 supra
408 2714 499 2772 XXII,
512 2714 583 2760 t-to.
597 2715 641 2762 En.
814 2714 922 2762 Bsisson.
935 2714 966 2762 de
976 2717 1056 2763 Form.
1069 2716 1113 2776 IV,
1122 2715 1251 2778 pag-347.

294 2791 320 2840 6.
332 2792 421 2854 Itaque
434 2803 601 2839 accusatorem
614 2791 643 2839 id
653 2793 715 2840 scire
723 2810 768 2856 po·
848 2795 906 2843 cir.
917 2795 1066 2841 XXXVIII.
1083 2809 1104 2840 ι.
1120 2792 1187 2855 Quid
1199 2791 1273 2840 etiam
1284 2791 1321 2839 di-

170 2911 171 2915 ,
259 2870 344 2930 tuisse,
364 2882 412 2918 etc.
430 2870 483 2920 scil.
504 2870 628 2928 meminit,
645 2872 713 2934 qnod
732 2883 769 2918 ta·
812 2871 880 2929 citis,
901 2871 965 2919 sorte
984 2871 1046 2935 quid
1062 2872 1125 2918 enim
1144 2870 1240 2926 ututu-
1257 2872 1320 2918 Mur.

259 2966 316 2998 men
343 2965 430 3014 perum
453 2949 608 2998 commodum
633 2961 686 2998 est:
704 2951 768 2998 sorte
811 2953 846 3000 At
855 2951 971 3020 Gronov.¹
979 2950 1046 3010 conj.
1058 2949 1179 3013 Equidem
1191 2948 1321 3013 {cremans

259 3028 309 3092 leg.
324 3027 408 3092 itaque
426 3039 450 3076 et
465 3040 592 3078 accusator
606 3028 634 3076 id
647 3030 709 3076 seire
720 3046 768 3092 po·
811 3028 885 3076 aliter
892 3027 997 3092 affectus
1006 3028 1091 3076 auimo
1100 3045 1165 3084 sum,
1173 3045 1246 3092 quum
1255 3030 1323 3092 apud

179 3167 184 3172 ι
262 3105 769 3170 suisset,essupervaearieadescasioPaulli
812 3108 944 3156 exereitum
959 3106 1020 3156 milti
1031 3106 1101 3170 loqui
1108 3106 1210 3163 uideor,
1221 3121 1320 3170 qaam...

253 3186 359 3252 ῥίπτεις
371 3187 449 3234 Gron.
462 3186 584 3234 Neutrum
593 3187 724 3245 nfismcit,
743 3199 768 3237 et
811 3187 900 3234 oratio.
920 3186 987 3249 Quid
1002 3186 1094 3243 dicitis,
1112 3185 1218 3234 milr'tesi²
1233 3186 1319 3245 Douja·

259 3266 330 3313 locus
344 3265 424 3312 adhuc
442 3265 572 3314 mendosus
599 3273 648 3322 eet;
668 3268 766 3316 Crevet.
810 3265 859 3314 titas
872 3265 935 3314 nihil
946 3265 1062 3315 vitiosum
1073 3264 1205 3328 involgata
1216 3264 1320 3312 lectione

259 3353 285 3390 et
297 3343 419 3392 Drakenb.
811 3344 981 3408 deprehendit.

297 3423 383 3482 7.Nee
399 3421 503 3483 Quirites
524 3439 585 3482 cios,
603 3423 681 3480 cives,
699 3434 767 3486 toga·
845 3438 870 3471 a.
882 3424 939 3470 Non
953 3422 1023 3470 tinius
1035 3422 1082 3469 ltcc
1093 3421 1178 3470 Paulli
1187 3421 1261 3470 decus
1274 3432 1317 3469 est.

260 3511 311 3559 tos,
325 3500 514 3556 contumeliose,
527 3501 572 3548 sed
582 3500 685 3558 milites,
700 3502 766 3550 viros
810 3500 840 3548 Id
857 3500 930 3556 nimis
949 3502 1083 3565 abruptum
1097 3499 1225 3554 videbatur
1242 3501 1318 3548 Gron-

259 3580 396 3641 nailitaree,
405 3578 494 3627 videor
506 3579 671 3643 appellaturus
686 3581 764 3629 hone·
810 3589 835 3626 et
847 3578 919 3627 Crev.
927 3580 972 3627 Ille
981 3591 1045 3644 poet,
1056 3578 1207 3643 imperatoris
1217 3589 1320 3635 matum,

213 3671 221 3688 t
260 3659 330 3706 stlori
344 3659 452 3707 nomine.
468 3679 479 3700 ι
489 3659 645 3721 Magistratus
660 3659 766 3722 aliique,
810 3658 1034 3717 imereremalehat,
1045 3657 1145 3706 siunins
1158 3657 1221 3704 lunc
1230 3657 1318 3706 Paulli.

260 3753 316 3784 cum
327 3736 422 3801 populo
433 3737 524 3794 acmri,
535 3737 601 3785 cives
610 3737 766 3799 alloqueban·
811 3737 858 3784 Hic
871 3748 929 3801 post
940 3751 1026 3786 vocem
1039 3737 1123 3784 Paulli
1135 3735 1245 3799 quadam
1255 3736 1320 3786 exci-

259 3827 300 3864 tur
327 3831 388 3864 voce
417 3814 540 3877 Quirites,-
562 3826 587 3862 at
610 3815 767 3879 imperatores
811 3815 874 3862 disee
885 3815 1142 3880 putabat—Exponit
1157 3815 1319 3878 Doerlngiue:

260 3896 395 3944 enrcitum
406 3911 468 3943 voce
482 3894 568 3942 milites
576 3895 617 3942 vel
625 3895 768 3943 commilito·
812 3895 868 3942 Hoc
886 3893 960 3941 decus
979 3894 1054 3957 igitur
1071 3909 1122 3940 non
1143 3893 1215 3940 unlus
1227 3893 1316 3950 Paulli,

259 3988 319 4020 nes.-
329 3973 394 4020 nnde
407 3973 496 4020 milites
508 3972 672 4036 appellatione
687 3971 768 4035 Quiri·
812 3972 856 4020 sed
871 3973 975 4020 militurn
996 3987 1093 4036 quoqne
1111 3983 1161 4030 est3
1176 3983 1201 4020 et
1219 3971 1254 4018 sic
1269 3987 1319 4018 non

259 4050 319 4098 tium
328 4050 424 4111 alloqui
430 4052 498 4112 quasi
507 4067 582 4114 mnus
593 4067 673 4114 poenae
683 4061 769 4098 eratet
812 4068 875 4116 opus
885 4069 937 4116 esse
949 4052 998 4110 ait,
1009 4063 1038 4098 ut
1048 4050 1143 4116 aliquid
1158 4050 1184 4098 in
1202 4050 1250 4098 boc
1263 4051 1319 4101 loco

260 4127 356 4191 signum
374 4127 508 4176 Inhonesta
523 4129 646 4177 mieeIonie
664 4129 768 4176 habeba·
813 4130 931 4180 excidisse
943 4145 998 4178 cum
1011 4128 1126 4180 Creverio
1135 4138 1262 4190 statuetur.
1273 4129 1319 4175 Eo.
