2984 4706
208 381 331 487 33:333:
380 401 473 470 mn
500 403 634 470 xilv.
662 405 767 472 cir.
794 405 940 473 xvrn
966 407 1065 478 xix.
1170 407 1238 477 203

182 525 303 594 mitius
324 523 606 612 Ahenobarbus,
629 528 848 604 A.‚Licinius
869 532 1006 618 Nerva,
1028 537 1067 603 L.
1091 531 1239 612 Baebius.
1273 507 1277 516 ⁵

182 635 240 706 Bis
257 635 294 704 in
314 635 513 742 exituanni
529 635 606 728 ejus
620 635 816 733 lapidatum
831 661 908 710 esse
923 642 1131 712 nuntiatum.
1139 657 1195 711 est
1204 642 1244 710 in

185 749 347 817 Romano
365 769 475 842 agre,
493 745 599 818 simul
614 746 656 816 in
675 746 885 818 Veientibus
895 751 919 816 ⁴.
943 749 1173 830 Novemdiale
1187 773 1242 822 sa-

183 880 286 926 crum
308 853 440 926 factum
465 870 527 926 est.
557 855 764 930 Sacerdotes
785 846 835 964 xeo
859 882 955 928 anno
976 861 1111 932 mortui
1136 875 1242 948 sunt,

182 971 219 1038 P.
238 966 432 1056 Quintilius
449 971 582 1051 Varus,
597 965 728 1039 flamen
749 967 939 1052 Martialis,
954 983 990 1038 et
1008 974 1056 1040 Μ.
1074 967 1243 1042 Claudius

183 1077 373 1148 Marcellus
388 1077 587 1165 decemvir3
602 1079 639 1148 in
653 1078 756 1172 cujus
770 1078 891 1148 locum
905 1083 968 1148 Cn.
986 1081 1153 1150 Octavius
1168 1077 1243 1150 sul-

183 1188 308 1259 fectus.
323 1191 368 1258 Et
377 1190 451 1280 jam
465 1185 729 1286 magnificentia
738 1203 920 1260 crescente
933 1204 1097 1264 notatum
1108 1205 1173 1274 est,
1187 1190 1244 1260 lu·

185 1297 240 1366 dis
255 1296 483 1370 Circensibus
497 1303 533 1368 P.
550 1297 706 1368 Cornelii
719 1299 1042 1395 Scipionis'Nasicae
1055 1313 1091 1370 et
1105 1303 1143 1368 P.
1156 1303 1246 1369 Len·

184 1407 250 1479 tuli
279 1407 433 1480 aedilium
463 1408 641 1484 curulium
670 1411 850 1505 sexaginta
879 1424 950 1480 tres
975 1406 1182 1484 Africanas⁵
1210 1423 1246 1478 et

184 1517 421 1616 quadraginta
438 1542 542 1588 ursos
562 1532 599 1588 et
616 1516 826 1614 elephantos
845 1518 978 1588 lusisse.

232 1633 326 1699 XIX.
346 1632 385 1700 L.
404 1627 544 1703 AEmilt'o
560 1626 705 1710 Paullo,
724 1632 762 1698 C.
782 1627 920 1697 Licinio
939 1625 1164 1710 consulibus,
1181 1626 1247 1696 ldi·
1351 1709 1354 1714 ¹

186 1737 255 1810 bus
272 1739 426 1821 Martiis,
444 1739 621 1836 principio
639 1739 860 1840 insequentis
876 1733 978 1824 atini,
997 1761 1113 1835 quum
1133 1740 1170 1808 in
1192 1763 1248 1808 ex·

186 1849 405 1945 spectatione
422 1851 541 1920 Patres
561 1846 730 1934 firissent,
751 1849 905 1918 maxime
926 1847 1098 1943 quidnam
1121 1847 1248 1918 consul

187 1961 232 2030 de
243 1960 470 2042 Macedonia,
489 1960 592 2054 cujus
607 1983 649 2030 ea
662 1960 846 2056 provincia
860 1974 963 2045 esset,
977 1956 1145 2044 referret3
1161 1957 1255 2028 nillil

185 2095 224 2140 se
239 2068 391 2155 hilberti,
406 2068 574 2170 Paullus,
593 2069 695 2166 quod
713 2070 885 2158 referret„
896 2093 1009 2164 quum
1022 2068 1185 2138 nondum
1199 2071 1248 2138 le·

183 2185 265 2275 gati
285 2179 477 2264 redissem,
499 2178 597 2248 dixit.
625 2181 799 2249 Caeterum
821 2179 1004 2248 Brundisii
1022 2177 1156 2274 legatos
1164 2181 1249 2274 jam

187 2292 287 2374 esse,
297 2289 350 2358 bis
364 2313 412 2358 ex
425 2288 785 2382 cursuDyrrachium
801 2291 927 2384 ejectos
937 2301 961 2358 ¹.
977 2293 1248 2385 Cognitum,

188 2423 273 2497 quae
287 2405 387 2470 nosci
388 2405 495 2496 prius
510 2405 636 2470 iurem
651 2416 756 2486 esset,
772 2399 991 2470 relaturum:
1010 2401 1051 2470 id
1046 2403 1139 2492 sore
1154 2408 1249 2474 intra

180 2533 387 2606 perpaucos
405 2510 490 2580 dies.
511 2513 574 2595 Et,
596 2535 643 2580 ne
654 2509 747 2606 quid
751 2511 1015 2606 profhetionem
1032 2537 1139 2582 suam
1156 2527 1251 2581 teue-

189 2635 260 2702 ret,
270 2621 393 2716 pridie
404 2621 491 2691 Idus
500 2619 638 2718 Aprilis
645 2623 780 2690 Latinis
792 2645 868 2690 esse
880 2627 1108 2692 constitutam
1115 2631 1133 2696 ἓ
1142 2621 1248 2690 diem.

226 2819 250 2866 t.
263 2811 409 2859 Nuntiatum
422 2823 475 2870 est,
493 2812 631 2877 lapidatum
650 2829 700 2860 esse
745 2822 784 2860 tur
794 2813 892 2860 venado
910 2813 972 2860 fecte
983 2813 1009 2858 in
1023 2812 1111 2870 Circo,
1122 2811 1159 2858 vel
1169 2827 1250 2874 pugne

189 2888 522 2953 (udesdxxv11‚37‚n.
537 2890 597 2956 1)t'n
611 2893 700 2940 Roma·
743 2889 874 2940 bestiarum
885 2893 1046 2940 interee.Eu.
1091 2931 1094 2950 .-

189 2985 222 3016 ue
240 2985 300 3034 agro
308 3003 315 3027 ‚
333 2969 407 3017 simul
423 2969 449 3016 in
469 2969 617 3026 Veientibus,
637 2971 700 3018 sorte
779 2970 843 3018 Car.
853 2973 924 3019 xtx.
938 2987 960 3018 r.
972 2970 1013 3017 Bis
1022 2985 1054 3018 eu
1065 2985 1135 3016 cursu
1144 2967 1252 3030 Qrmba·

190 3047 327 3096 annuarum
337 3060 387 3104 est,
402 3047 428 3095 iu
438 3063 540 3096 romano
554 3063 615 3113 agro
630 3047 703 3097 simu
744 3047 824 3096 obium
832 3048 919 3116 ejectos
926 3067 937 3106 ,·
945 3049 1001 3096 vide
1009 3049 1040 3096 ed
1050 3049 1129 3104 m,
1139 3053 1182 3108 tp,
1192 3063 1216 3094 n.
1227 3049 1251 3094 3.

101 3175 104 3187 p
190 3127 251 3175 etin
265 3127 413 3184 Veientibus,
428 3128 467 3174 vel
478 3127 617 3176 nuntiatum
627 3139 666 3176 'est
675 3127 700 3175 in
744 3129 850 3189 -Quce
861 3128 929 3174 nosci
932 3127 1003 3192 prius
1012 3127 1037 3174 in
1047 3142 1098 3174 rem
1106 3125 1252 3182 essetevide

190 3221 293 3256 romano
312 3223 389 3272 agro,
409 3207 485 3254 semel
499 3207 524 3254 in
547 3207 698 3264 Veientibus,
744 3206 871 3267 ed1‚27‚
887 3223 915 3255 n.
934 3208 958 3255 5.

191 3288 303 3334 Gronov.
322 3286 401 3334 Simul
423 3285 449 3332 in
475 3285 640 3342 Veientibt's,
655 3303 699 3334 no-
779 3301 803 3333 π.
819 3285 898 3332 Pridie
911 3287 971 3334 Idus
984 3284 1167 3350 Aprilis(forte
1181 3285 1255 3350 Apri-

192 3365 319 3421 uemdlale,
333 3375 380 3413 etc.
394 3365 488 3412 emend.
499 3365 553 3414 bec.
564 3367 641 3414 Gron.
656 3367 697 3416 CI.
743 3362 795 3428 tes)
805 3363 898 3412 Latinis
915 3381 965 3412 esse
980 3381 1003 3412 c.
1017 3365 1043 3415 d.
1054 3363 1112 3412 vide
1124 3365 1156 3412 ed
1167 3365 1193 3424 1,
1207 3365 1253 3424 4⁵,

191 3443 258 3492 Duk.
277 3447 305 3492 et'
319 3443 394 3491 Drrk.
414 3443 500 3491 Deleri
518 3443 698 3494 distinctionem
742 3459 767 3490 n.
780 3459 794 3490 a
806 3459 813 3503 ;
820 3441 902 3506 pridie
917 3442 969 3490 cat.
982 3445 1043 3508 Ap'r.
1056 3459 1087 3490 ex
1101 3459 1155 3508 cap.
1166 3459 1198 3492 aa
1209 3481 1216 3501 ‚
1229 3455 1254 3492 et

191 3531 248 3584 post
260 3523 398 3570 nuntiatum
409 3534 451 3572 est.
741 3539 773 3570 ex
790 3523 926 3586 fragmento
944 3523 1063 3570 Actorum
1084 3526 1109 3572 S.
1126 3526 1155 3572 P.
1171 3526 1203 3584 Q.
1222 3523 1253 3571 R.

227 3602 252 3648 5.
267 3601 354 3648 LXIII
367 3600 498 3666 Africanas
511 3604 584 3661 ieras,
595 3606 697 3668 penthe-
741 3602 867 3664 corrigunt
876 3601 945 3665 Pigh.
959 3603 985 3649 in
996 3605 1062 3650 Ann.
1076 3603 1108 3650 ed
1116 3619 1139 3649 e.
1149 3601 1214 3662 585,
1227 3612 1251 3648 et

192 3691 268 3728 meet
284 3681 382 3743 pardos.
396 3680 469 3728 Cous.
487 3681 550 3728 Plin.
561 3683 635 3746 VIII,
653 3701 696 3746 ¹7·
741 3679 861 3728 Dodwell.
882 3681 911 3726 in¹
928 3681 1044 3745 Append.
1070 3681 1140 3728 rtet
1153 3701 1156 3707 ·
1167 3679 1251 3727 eamd.

192 3774 217 3805 u.
232 3759 280 3816 233
295 3759 375 3823 intpp.
388 3761 454 3807 Suet.
466 3759 542 3822 Culig.
560 3762 607 3822 18,
620 3773 644 3809 et
656 3761 698 3811 Pe·
741 3777 767 3822 ps
777 3759 837 3806 (iba.
850 3759 976 3808 sedunus
987 3771 1130 3824 argumento
1141 3775 1172 3806 ex
1180 3757 1252 3806 Livio

192 3848 255 3886 tron.
277 3840 326 3886 Sat.
346 3853 400 3902 cup.
426 3839 473 3896 353
494 3837 609 3885 Bocharti
634 3837 697 3887 Hist.
741 3838 795 3902 ipso
806 3838 903 3885 ostendi
913 3855 1001 3902 posse,
1014 3849 1068 3886 uter
1076 3839 1145 3886 locus
1153 3837 1185 3884 sit
1194 3851 1249 3884 cor·

192 3917 273 3964 Anim.
285 3919 314 3980 1,
324 3919 349 3976 3,
358 3935 384 3966 n.
398 3935 420 3978 7.
433 3945 467 3954 -
478 3919 523 3964 XL
537 3928 605 3965 ursos
618 3927 642 3964 et
652 3917 698 3964 ele·
742 3929 842 3981 ruptus,
853 3929 877 3964 et
890 3918 1020 3981 fragmenti
1029 3918 1147 3964 Actorum
1158 3916 1250 3964 nullum

187 3995 309 4059 plantes,
325 4013 452 4045 numerum
465 3996 646 4060 elephantorum
656 4013 698 4044 ex·
732 4013 792 4054 ,esse
806 3998 972 4044 anctoritatem
986 3997 1065 4060 (conf.
1077 3996 1179 4044 Weseel.
1192 3997 1251 4042 Pro-

193 4074 293 4133 cidisse‚
303 4075 407 4140 putebat
417 4075 492 4138 Pighs
502 4102 537 4110 —
548 4075 653 4131 Lusisse,
673 4076 699 4122 in
742 4075 798 4123 hab.
809 4078 845 4130 11,
860 4076 906 4136 39,
917 4087 941 4124 et
951 4075 1045 4123 Ernesti
1057 4077 1148 4138 Opuec.
1159 4075 1250 4123 Philol.

192 4152 256 4200 ludis
265 4153 386 4202 exhibitos
395 4171 452 4202 esse.
465 4153 620 4216 Intelligendn
634 4155 698 4201 vide·
744 4165 767 4201 et
779 4155 838 4204 crit.
851 4169 906 4218 pag.
919 4155 951 4211 45
964 4171 1015 4217 seq.
1030 4155 1072 4218 qui
1088 4153 1149 4202 illud
1161 4153 1191 4200 eb
1205 4154 1249 4198 im·
1327 4157 1330 4206 ζ
