2972 4720
217 401 339 514 litt,
464 419 615 487 mnan
644 403 1046 492 xn11.ca1›.1v.'
1210 441 1245 484 11

192 546 269 617 iret.
287 551 430 641 Itaque,
453 567 568 639 quum
584 543 622 614 id
639 543 847 616 annuebam
866 567 885 613 a
902 540 1183 614 Massiliensibus
1200 540 1251 610 le-

191 657 279 754 gatis
297 670 410 740 esset,
431 666 573 726 senatus
592 654 769 741 decrevit,
787 667 829 723 ut
844 657 881 723 P.
897 655 1024 724 Furius
1042 668 1079 724 et
1093 655 1158 723 Cu.
1175 653 1251 722 Ser-

191 765 312 854 vilius,
323 763 458 862 quibus
471 763 743 851 succedebutur,
752 765 847 834 iuter
858 787 895 834 se
909 765 1125 836 sortirentur
1134 774 1160 850 ¹,
1173 775 1255 832 uter

193 877 396 948 citeriorem
423 875 628 972 Hispaniam
663 889 858 971 prorogato
885 875 1038 972 imperio
1062 873 1253 945 obtineret.

194 989 277 1060 Sors
294 999 502 1084 opportuna
519 982 632 1069 suite
655 989 690 1054 P.
707 985 834 1056 Furius
849 982 968 1071 idem,
985 985 1088 1081 cujus
1106 1009 1148 1054 ea
1168 1007 1254 1081 pro·-

192 1097 310 1168 vincia‘
328 1093 467 1181 fuerat,
492 1107 703 1165 remaneret.
733 1094 869 1165 Eodem
897 1116 1014 1182 anno,
1043 1117 1159 1192 quum
1182 1093 1255 1189 agri

194 1203 369 1302 Ligustini
384 1219 421 1276 et
430 1204 577 1290 Gallici,
596 1203 697 1302 quod
710 1203 808 1275 bello
822 1219 965 1302 captum
982 1220 1076 1290 erat,
1095 1204 1256 1300 aliquan·

194 1329 276 1385 tum
286 1329 450 1400 vacaret,
466 1315 818 1386 senatusconsultum
833 1313 988 1401 facturn,
1004 1330 1044 1386 ut
1058 1317 1087 1385 is
1104 1339 1188 1411 ager
1202 1315 1255 1382 vi-

196 1427 291 1500 ritim
306 1426 535 1497 divideretur.
553 1429 783 1497 Decemviros
799 1429 835 1496 in
851 1451 928 1497 earn
944 1451 1021 1497 rem
1036 1441 1080 1497 ex
1094 1413 1256 1496 senatus-

196 1529 362 1608 consulto
381 1537 514 1620 creavit
534 1541 572 1605 A.
589 1536 715 1606 Atilius
737 1518 869 1634 praetor
890 1534 1070 1620 urbanus,
1088 1525 1136 1605 Μ.
1151 1535 1257 1604 AEmi-

197 1647 284 1718 lium
313 1646 517 1744 Lepidum,
548 1652 587 1717 C.
613 1649 796 1736 Cassium,
823 1653 863 1716 T.
888 1645 1072 1717 AEbutium
1102 1650 1257 1728 Carum,

197 1763 235 1828 C.
253 1757 500 1846 Tremellium,
515 1762 552 1828 P.
567 1757 776 1830 Cornelium
790 1755 1008 1855 Cethegum,
1022 1761 1065 1848 Q.
1082 1771 1119 1826 et
1131 1759 1169 1824 L.
1186 1758 1258 1852 Ap·
1297 1841 1300 1848 .

196 1867 358 1965 puleioS,
384 1873 431 1938 M.
457 1867 662 1952 Caecilium,
688 1871 727 1938 C.
753 1867 959 1953 Salonium,
983 1871 1025 1938 C.
1044 1865 1258 1936 Munatium.

196 1979 404 2048 Diviserunt
418 1977 511 2048 dena
525 1979 651 2074 jugera
668 1977 705 2046 in
725 1978 904 2075 singulos,
917 1978 1029 2048 'sociis
1044 1976 1199 2046 nominis
1212 1975 1260 2045 la-

198 2088 264 2157 tini
280 2101 392 2158 terna.
411 2093 480 2159 Per
495 2087 590 2158 idem
609 2101 770 2186 tempus,
788 2113 863 2186 quo
883 2088 960 2160 haec
977 2087 1188 2187 agebantur,
1209 2085 1261 2157 le-

198 2200 270 2295 gati
295 2223 339 2269 ex
365 2198 490 2269 AEtolia
512 2204 663 2272 Romam
690 2214 869 2270 venerunt
893 2199 939 2270 de
961 2197 1147 2270 discordiis
1168 2196 1262 2268 sedi-

234 2381 348 2429 cmv.
376 2397 398 2428 r.
417 2383 485 2428 Inter
503 2395 529 2427 se
547 2379 691 2428 sortirentur
698 2399 709 2437 ,·
752 2381 830 2428 socios
846 2378 948 2428 nominis
963 2378 1054 2426 latini:
1074 2377 1162 2443 quibus
1184 2388 1263 2424 tamen

202 2475 253 2506 non
265 2473 328 2522 opus
341 2470 378 2506 est
389 2475 446 2518 cunr
458 2459 541 2522 Sigon.
554 2459 633 2522 legere
644 2475 709 2505 corn·
753 2459 866 2507 omnibus
877 2473 929 2506 non
942 2457 1086 2504 suffecisset.
1100 2457 1165 2504 Hinc
1178 2471 1263 2502 eorum

196 2549 318 2602 pararent
345 2530 419 2591 iatetl
432 2553 457 2585 se
482 2549 527 2586 aut
551 2537 708 2586 sortirentur:
752 2555 879 2587 numerum
897 2537 1028 2594 excidisse,
1045 2537 1117 2585 Cres.
1140 2545 1165 2583 et
1187 2534 1262 2581 Drek.

202 2634 258 2669 nam
271 2611 336 2666 inter
346 2611 469 2678 seliortiri
479 2617 540 2668 bene
552 2617 642 2666 dicitur
654 2618 708 2666 leti·
752 2620 916 2684 smpicantur;
927 2628 951 2665 at
960 2616 1058 2676 Doujat.
1068 2615 1263 2680 putabet'agrum

201 2713 245 2753 ne,
258 2706 286 2743 ut
304 2685 434 2755 XXVIII,
453 2696 500 2754 at,
513 2708 538 2744 et
552 2697 648 2744 sortitio
669 2697 710 2744 eli·
753 2700 816 2746 inter
834 2709 962 2745 veteranos
981 2696 1102 2744 exercitus
1119 2693 1225 2757 ligustici
1239 2704 1264 2740 et

201 2775 289 2838 quibus
308 2776 409 2843 praecipi
426 2787 507 2842 potest
519 2777 571 2836 siue
586 2792 709 2841 compara·
754 2779 849 2842 gallici,
865 2776 1011 2840 legionarIos
1025 2786 1050 2823 et
1060 2775 1174 2831 sociales,
1185 2772 1263 2820 dividi

202 2855 279 2907 done.
290 2864 318 2901 nt
328 2865 352 2902 et
361 2855 412 2902 haec
420 2855 473 2904 sine
483 2855 538 2914 illa;
548 2857 625 2904 Gron.
635 2856 708 2904 Conf.
750 2861 845 2920 jussum
857 2857 944 2910 luisse,
958 2866 982 2903 et
995 2856 1048 2902 Liv.
1061 2854 1203 2912 accusabat,
1221 2851 1265 2916 qui

201 2932 233 2979 ad
252 2934 296 2991 tv,
316 2934 516 2994 46;V111,20;
534 2936 641 2990 XXIII,
661 2944 708 2994 πῃ
753 2938 860 3001 apertius
876 2935 902 2982 id
922 2949 1018 2982 narrare
1033 2934 1147 2998 neglexit.
1172 2935 1264 2997 snpra,

202 3013 306 3070 XXVI,
318 3014 350 3072 83
363 3013 467 3072 XXIX,
481 3028 530 3070 ao;
543 3015 588 3062 XL
598 3047 605 3070 ,
615 3021 658 3074 47.
753 3017 897 3073 XXXII,t,
906 3013 1033 3068 militibus,
1046 3011 1264 3077 quiiaHispaaia,

239 3105 264 3138 a.
278 3093 334 3138 Sors
347 3102 483 3154 opportuna
493 3090 561 3156 ficit,
576 3091 643 3155 qnod
659 3108 710 3138 non
754 3095 847 3149 Sicilia,
863 3091 982 3142 ‘Sardinia
995 3091 1116 3156 stipendia
1122 3108 1170 3155 per
1179 3093 1266 3138 inultos

204 3169 333 3217 Servilium
342 3169 491 3218 extdteriore
502 3169 628 3233 provitrcia
638 3181 712 3218 trans·
756 3189 834 3220 annos
841 3172 971 3238 fecissem,
991 3163 1077 3238 ag'ram
1093 3169 1266 3236 assignandam

204 3249 238 3296 ire
258 3249 285 3295 in
308 3250 443 3298 citeriorem
459 3249 541 3310 jussit,
555 3249 598 3296 sed
619 3251 646 3297 P.
666 3253 713 3296 Fu·
757 3263 876 3300 curaret:
903 3251 945 3298 sed
972 3253 1020 3301 hoc
1047 3251 1131 3316 potins
1154 3249 1266 3298 librariu-

204 3329 266 3374 rium
274 3362 281 3386 ,
290 3328 317 3376 in
326 3345 373 3392 qua
380 3333 430 3390 jam
439 3341 503 3386 erat,
513 3329 625 3389 retinuit;
635 3329 712 3378 Gron.
758 3347 811 3378 rum
823 3331 903 3394 culpa.
910 3333 989 3380 En—
995 3333 1021 3380 T.
1028 3331 1154 3378 AEbutiam
1164 3329 1266 3388 Carunr;

206 3434 239 3443 —
259 3409 415 3464 liemaaeret,
434 3419 460 3454 nt
475 3420 622 3468 remaneret,
635 3407 713 3456 scilic.
758 3411 792 3458 ita
809 3410 953 3476 legendnm,
967 3421 995 3458 ut
1007 3421 1108 3458 testatur
1118 3409 1209 3470 Drak,
1223 3408 1267 3457 do·

206 3486 348 3550 constituit,
358 3486 484 3551 praecepit.
494 3487 541 3534 Sed
552 3487 613 3535 forte
621 3498 715 3535 ,arante
759 3489 809 3536 cuit
833 3489 931 3552 Pighius
950 3491 978 3538 in
995 3489 1085 3538 Annul.
1105 3489 1137 3537 ad
1159 3506 1180 3538 a.
1205 3489 1266 3536 Urb.

206 3570 234 3614 P.
244 3565 330 3613 Furias
339 3565 445 3622 excidit,
457 3577 499 3614 aut
512 3582 568 3614 cum
578 3568 655 3616 Periz.
666 3565 714 3630 leg.
760 3584 855 3626 rorxrv,
869 3584 925 3632 pag.
942 3585 1006 3632 291,
1023 3585 1123 3632 eamque
1138 3569 1266 3628 lectionem

205 3644 459 3704 retnaaere,velcum
468 3645 716 3692 Gron.remaasit.—
760 3647 858 3694 Gruteri
875 3658 997 3711 postrema
1016 3638 1095 3696 veditio
1118 3647 1220 3711 recepit,
1244 3657 1268 3694 et

206 3723 415 3788 Simplicissimnm
432 3733 503 3787 putat
519 3724 679 3788 DoerIngins,
695 3724 716 3771 si
761 3724 907 3775 recentiores
931 3727 1032 3774 allorum
1061 3736 1193 3774 servarunt.
1214 3726 1271 3788 An·-

205 3802 297 3866 legatur
305 3812 422 3850 remanet.
431 3804 517 3849 Em-
527 3803 588 3867 Agri
598 3802 719 3868 Ligustini
761 3815 799 3852 tea
814 3803 958 3868 vulgabatur
972 3807 998 3853 T.
1014 3805 1140 3868 AEbutium
1153 3807 1265 3852 Parrum.

207 3891 231 3926 et
241 3881 345 3938 Gallici,
357 3891 403 3928 etc.
416 3882 481 3928 conf.
491 3882 523 3930 ad
532 3884 601 3939 XLI,
613 3883 644 3930 16
654 3894 716 3932 extr.
764 3884 790 3929 T.
803 3882 914 3929 AEbatius
932 3883 1008 3930 Carras
1028 3900 1099 3948 snpra
1122 3896 1268 3931 memoratur

208 3960 416 4023 -Aliquantum
434 3973 554 4018 vacaret,
574 3962 625 4008 sine
639 3961 717 4009 domi·
762 3962 891 4020 XXXIX,
913 3961 964 4018 453
981 3973 1005 4008 et
1027 3962 1047 4010 Is
1067 3963 1130 4010 forte
1147 3964 1173 4011 T.
1189 3963 1267 4010 AEba-

208 4037 245 4083 nis
264 4049 288 4084 et
301 4039 436 4086 cultoribus
446 4051 516 4086 esset.
528 4067 560 4075 -—
577 4043 609 4087 Ut
623 4039 642 4086 is
658 4057 717 4106 ager
762 4039 790 4086 tii
802 4039 913 4102 praetoria
926 4040 1024 4088 nomine
1033 4041 1153 4090 indicatur
1162 4044 1229 4095 XLI,
1243 4043 1267 4090 6.

208 4115 301 4163 viritim
328 4116 486 4173 divideretur,
506 4128 529 4166 et
549 4118 664 4181 quidem,
691 4131 717 4166 ut
761 4120 790 4165 T.
810 4119 896 4164 Parrus
916 4117 1144 4184 interrrognomina
1165 4119 1268 4168 AEbutite

209 4209 265 4242 mox
291 4196 387 4254 dicitur,
407 4197 469 4245 intcr
490 4197 595 4262 singulos
610 4198 674 4245 cives
694 4211 717 4246 ct
762 4196 839 4259 gentis
850 4211 972 4259 nunquam
986 4211 1139 4248 memoratur.
1151 4201 1196 4246 Eo.
