2970 4712
258 373 329 443 320
537 381 540 390 ·
670 371 708 439 T.
741 371 884 440 lell
1181 356 1206 456 ἕξ
1219 356 1243 456 {1
1257 356 1300 456 ξξζζ

258 495 349 566 lnde
368 495 406 564 in
423 507 496 563 tres
512 505 631 590 partes
648 491 833 589 Illyricum
849 490 979 564 divisit.
998 493 1115 564 Unam
1130 517 1208 564 eam
1223 493 1324 582 fecit,

257 631 340 704 quae
358 602 576 702 supradicta
592 617 665 689 est;
680 602 829 674 alteram
840 601 1013 674 Labeatas
1025 625 1171 692 omnes3
1187 607 1325 676 tertiam

256 716 507 815 Agravonitas,
526 729 566 784 et·
580 712 803 803 Rhizonitas,
828 727 864 784 et
882 713 1094 801 Olciniatas,
1118 715 1326 814 accolasque

258 851 395 898 eorum.
419 830 493 896 Hac
517 822 672 895 formula
691 822 787 896 dicta
806 824 844 893 in
867 823 1013 921 Illyrico
1022 835 1051 913 9,
1073 827 1150 924 ipse
1172 827 1210 896 in
1230 827 1327 923 Epiri

256 944 489 1009 Passaronem
506 935 544 1003 in
563 932 715 1004 hiberna
731 932 849 1004 rediit.

304 1051 447 1120 XXVII.
462 1050 560 1116 Dum
574 1043 649 1114 haec
665 1044 704 1114 in
720 1043 865 1142 Illyrico
879 1059 1069 1141 geruntur,
1086 1045 1231 1118 Paullus
1245 1061 1326 1117 ante

256 1156 451 1228 adventum
467 1153 593 1226 decem
609 1153 809 1250 legatorum
825 1158 869 1245 Q.
886 1156 1084 1225 Maximum
1099 1154 1238 1244 filium,
1254 1157 1326 1251 jam

256 1267 302 1339 ab
327 1271 441 1338 Roma
469 1287 694 1362 regressum,
717 1262 761 1334 ad
784 1265 963 1360 AEginium
986 1279 1022 1336 et
1045 1271 1215 1362 Agassas¹
1242 1265 1326 1336 diri·

255 1377 405 1476 piendas
421 1376 552 1446 mittit:
572 1378 740 1472 Agassas,
757 1373 881 1470 quod,
902 1398 1017 1471 quum
1036 1377 1172 1446 Marcio
1188 1377 1327 1460 consuli

253 1488 482 1559 tradidissent
499 1483 646 1572 urbem,
662 1487 776 1582 petita
788 1486 886 1556 ultro
899 1486 1069 1556 socictate
1082 1510 1249 1574 romana,
1269 1486 1325 1558 de·

253 1597 415 1670 fecerant
430 1620 556 1668 rursus
580 1594 625 1667 ad
648 1600 800 1666 Persea:
819 1596 1076 1694 AEginiensium
1100 1621 1237 1668 novum
1257 1597 1325 1666 cri-

253 1733 338 1780 men
363 1723 456 1798 erat3
482 1706 586 1780 famae
609 1706 654 1778 de
678 1708 828 1778 victoria
847 1713 1095 1778 Romanorum
1117 1705 1229 1780 iidem
1251 1731 1324 1779 non

253 1819 444 1906 hahentes,
464 1821 502 1890 in
518 1816 696 1916 quosdam
711 1817 887 1906 militum,
906 1817 1035 1889 urbem
1050 1820 1246 1917 ingressos,
1262 1817 1325 1888 ho-

253 1932 381 2002 stiliter
397 1931 592 2002 saevierant.
612 1928 668 1999 Ad
684 1930 870 2000 AEniorum
892 1953 1042 2026 quoque
1065 1928 1245 2033 hostiliter
1264 1953 1326 1999 ur·

253 2038 338 2110 bem
363 2039 603 2138 diripiendam
625 2043 664 2110 L'.
689 2040 916 2110 Postumium
942 2039 1058 2126 misit,
1088 2038 1189 2134 quod
1213 2041 1324 2137 perti·

254 2151 402 2236 nacius,
428 2173 537 2246 quam
564 2148 724 2220 finitimae
756 2151 935 2236 civitates,
954 2151 1003 2244 in
1034 2149 1143 2219 armis
1170 2145 1322 2220 fuerant.

255 2261 430 2331 Autumni
458 2258 533 2331 sere
567 2275 710 2357 tempus
740 2275 840 2348 erat3
872 2260 975 2356 cuj-us
1014 2260 1189 2356 temporis
1220 2261 1322 2332 initio

252 2369 546 2442 circumeundam
568 2371 763 2456 Graeciam,
780 2369 1021 2467 visendaque,
1042 2393 1120 2467 quae
1137 2369 1323 2441 nobilitata

253 2480 347 2552 lama
365 2482 477 2576 magis
501 2478 649 2551 auribus
671 2494 818 2577 accepta
845 2497 950 2566 sunt,
979 2503 1089 2578 quam
1112 2478 1229 2550 oculis
1255 2503 1323 2548 no-

253 2606 414 2677 scuntur,
424 2606 466 2662 ut
475 2593 616 2677 statuit,
631 2591 822 2688 praeposito
836 2590 960 2662 castris
974 2594 1012 2660 C.
1029 2587 1190 2686 Sulpicio
1201 2587 1322 2675 Gallo,

252 2701 437 2804 profectus
461 2725 545 2773 cum
564 2700 661 2772 haud
682 2726 813 2798 magno
832 2701 1028 2788 comitatu,
1047 2697 1252 2796 tegentibus
1273 2698 1321 2768 la-

252 2954 305 2990 est:
320 2952 428 3006 utsupra
442 2941 506 2990 nihil
519 2941 549 2991 de
568 2959 595 2990 ea
608 2942 701 2990 dictum
716 2951 761 2988 est.
844 2940 904 2988 Car.
924 2939 1032 2987 xxvfl.
1056 2954 1079 2986 1.
1100 2940 1226 3003 Agusium
1250 2947 1321 2984 notat

251 3021 317 3068 Hinc
330 3021 427 3070 Crever.
441 3023 564 3086 opinatur,
575 3021 614 3070 vel
629 3021 670 3069 hic
682 3021 763 3084 aliqua
807 3021 926 3084 Doering.
936 3018 999 3066 hanc
1013 3005 1099 3066 urbem
1111 3033 1186 3081 supra
1195 3014 1286 3076 mv,
1296 3033 1319 3077 7,

251 3101 418 3158 intercidisse,
432 3103 472 3148 vel
482 3101 579 3148 Livium
592 3113 642 3148 r'em
653 3113 705 3146 non
716 3115 762 3164 pa·
806 3099 833 3146 in
846 3098 967 3170 singulari
972 3099 1096 3162 Agassam
1104 3095 1233 3162 appellari,
1247 3105 1272 3142 et
1284 3097 1320 3143 sie

251 3195 305 3228 rum
327 3179 476 3228 fastidiosam
497 3179 664 3243 indiligentius
688 3189 763 3226 trans·
807 3179 876 3244 plura
889 3177 985 3226 urbium
998 3177 1099 3224 nomina
1111 3175 1318 3238 modoinsingu-

250 3259 369 3318 currisse3
379 3260 490 3324 adeoque
499 3261 571 3308 etiam
581 3275 632 3307 non
642 3258 711 3306 facile
725 3257 764 3306 de·
806 3258 864 3314 lari,
881 3257 957 3305 modo
972 3256 998 3302 in
1016 3255 1104 3320 plurali
1120 3253 1244 3313 adhiberi,
1258 3270 1283 3302 v.
1295 3269 1317 3303 c.

250 3337 315 3386 liniri
325 3353 398 3402 posse
413 3355 444 3387 ex
456 3339 598 3399 antecede,
610 3351 674 3403 quos
682 3354 763 3404 popu·
810 3336 892 3385 Theba
901 3348 926 3384 et
938 3334 1031 3384 Tiebae.
1041 3337 1088 3382 En.
1098 3359 1134 3370 —-
1143 3331 1319 3398 AEginiensium

250 3418 288 3466 los
305 3417 418 3466 habuerit
433 3419 510 3483 prima
523 3419 577 3468 huc
590 3418 686 3482 Illyrici
697 3433 763 3482 pars.
806 3431 893 3464 novum
904 3415 994 3463 crimen
1007 3423 1063 3461 erat
1071 3411 1163 3477 :famae
1170 3446 1180 3470 ,
1192 3421 1239 3461 etc.
1251 3414 1318 3474 conj.

249 3522 285 3534 -
294 3497 459 3562 Agravonitas
471 3513 523 3546 uon
534 3497 596 3547 alius
608 3498 759 3546 memoravit.
806 3494 923 3558 Doering.
940 3504 999 3558 post
1016 3503 1071 3541 erat
1084 3493 1186 3540 leuasse
1198 3493 1318 3540 excirlisse

249 3575 426 3625 Aserivionitas
449 3578 515 3638 conj.
535 3577 634 3639 Doujat.
657 3588 682 3625 et
703 3593 760 3625 sane
806 3575 834 3626 τὸ
847 3573 922 3638 quod.
931 3567 1057 3621 aul-Ad
1068 3570 1197 3620 AEniorum
1206 3587 1317 3636 quoque,

250 3654 384 3702 Ascrivium
403 3671 459 3702 cum
478 3654 589 3704 Rhiainio
606 3665 630 3704 et
649 3655 760 3704 Olciinio
804 3665 852 3702 etc.
869 3653 1005 3701 incolarum
1021 3652 1077 3699 AEui
1094 3666 1154 3715 opp.
1169 3650 1197 3698 in
1206 3650 1317 3700 Thracia.

246 3734 330 3794 junxit
347 3734 409 3782 Plin.
427 3736 476 3793 111,
497 3751 538 3784 aa.
564 3734 611 3784 Sed
629 3735 687 3782 inde
708 3749 761 3782 non
805 3735 854 3780 Eos
871 3743 951 3781 tamen
967 3732 1008 3780 hic
1030 3729 1134 3794 intelligi
1158 3746 1211 3777 non
1230 3745 1317 3794 posse,

247 3813 310 3860 bene
332 3814 451 3863 formatur
469 3831 560 3864 nomen
580 3815 642 3864 illud
664 3815 761 3878 gentili·
804 3812 916 3878 pluribus
930 3810 1078 3876 argumentis
1090 3809 1180 3873 prohat
1188 3809 1316 3858 'Drakenh

249 3891 322 3950 tium3
335 3892 434 3943 Crever.
442 3893 519 3944 'Conl
533 3895 565 3944 ed
574 3897 627 3953 111,
638 3895 688 3954 50,
699 3912 725 3942 n.
737 3910 760 3941 1.
804 3904 829 3940 et
840 3891 935 3941 emend.
949 3891 1081 3939 AEneatum
1091 3889 1102 3956 (
1109 3889 1166 3937 vide
1177 3888 1208 3937 ad
1218 3891 1276 3948 XL,
1286 3895 1316 3948 a,

285 3973 374 4032 9.an
387 3965 503 4036 formula
525 3975 592 4022 dicta
614 3975 640 4022 in
660 3973 759 4036 Illyrico
804 3989 830 4019 n.
841 3979 856 4028 4
866 3968 891 4036 ),
903 3987 982 4035 quos,
993 3968 1108 4034 praesidio
1118 3969 1199 4018 Persei
1207 3965 1317 4016 firmatos

250 4049 280 4095 aa
291 4049 757 4113 divisioneejmviaeaarusma,
804 4050 878 4114 (aaa
893 4050 926 4097 aa
941 4048 1030 4109 xum,
1045 4049 1076 4095 si
1089 4045 1114 4111 )‚
1127 4047 1276 4112 pertinacius
1288 4048 1317 4094 in

248 4139 272 4176 et
284 4130 386 4186 mr,
397 4142 429 4190 at
442 4150 488 4195 ‚n.
503 4133 527 4180 5.
803 4129 875 4177 anuis
897 4130 971 4178 fuisse
985 4130 1128 4192 suspicetur.
1139 4155 1174 4165 -
1185 4128 1312 4189 Qnoe.....
