2972 4720
250 359 297 432 ss
687 359 893 447 nervii
1168 339 1292 442 stilai:

251 482 385 555 fraudis
414 481 493 553 fore
523 481 561 550 in
591 479 784 576 colloquio.
812 481 967 578 Hippian
994 495 1030 551 et
1051 480 1319 568 Pantauchum,

252 617 344 692 quos
358 608 395 663 et
412 593 548 688 legatos
562 591 726 676 miserat,
745 591 925 688 principes
944 591 1157 677 amicorum,
1172 589 1319 662 obsides

252 703 362 776 dedit.
375 707 451 774 Nec
463 717 536 772 tam
548 701 585 769 in
598 703 730 798 pignus
744 699 829 770 fidei
843 699 987 770 obsides
1000 699 1191 772 desiderati
1203 717 1318 784 erant,

254 837 364 911 quam
385 828 427 883 ut
451 825 639 910 appareret
662 810 788 897 sociis,
818 810 1044 906 nequaquam
1075 835 1119 881 ex
1147 808 1318 906 dignitate

253 927 331 1023 pari
356 921 526 1020 congredi
542 939 667 1017 regem
689 944 772 990 cum
798 919 929 1016 legatis.
952 920 1124 992 Salutatio
1146 945 1220 990 non
1243 936 1319 991 tan-

254 1059 363 1132 quam
377 1034 554 1118 hostium,
571 1030 634 1102 sed
651 1029 838 1126 hospitalis
851 1054 892 1100 ac
906 1029 1062 1127 benigna
1076 1027 1163 1118 fuit,
1180 1031 1319 1127 positis-

254 1159 326 1243 q'ue
343 1143 490 1216 sedibus
506 1141 758 1232 consederunt.

300 1261 374 1328 XL.
391 1260 513 1347 Quum
531 1252 716 1351 paulisper
728 1250 908 1321 silentium
922 1249 1066 1322 fuisset:
1084 1253 1316 1349 «Exspectari

253 1397 270 1432 a
285 1392 372 1454 nos,
393 1366 513 1460 inquit
525 1362 699 1449 Marcius,
717 1357 883 1444 arbitror,
897 1376 938 1431 ut
950 1359 1252 1458 respondeamus¹
1275 1362 1320 1431 li-

253 1505 269 1540 «
283 1478 368 1546 teris
383 1475 472 1560 tuis,
487 1496 576 1569 quas
592 1474 784 1566 Corcyram
800 1471 947 1558 misisti3
964 1472 1001 1540 in
1021 1469 1155 1566 quibus
1169 1474 1319 1568 qu'aeris,

252 1585 371 1684 «quid
385 1587 434 1656 ita
453 1583 559 1680 legati
574 1605 655 1652 cum
670 1579 844 1651 militibus
857 1582 1084 1670 venerimus,
1105 1596 1141 1652 et
1157 1581 1321 1679 praesidi'a

252 1727 269 1761 a
283 1700 320 1766 in
337 1694 494 1790 singulas
509 1690 620 1762 urbes
635 1690 879 1762 dimittamus?
894 1690 948 1762 Ad
962 1690 1055 1761 hanc
1073 1691 1318 1787 interrogatio-

253 1836 269 1869 «
284 1829 368 1876 nem
391 1819 489 1872 tuam
509 1816 546 1871 et
564 1825 638 1870 non
658 1799 877 1898 respondere
898 1825 1036 1888 vereor,
1058 1826 1104 1872 ne
1123 1800 1319 1898 superbum

185 1950 189 1972 ·
254 1945 272 1980 a
286 1915 351 1998 sit,
370 1927 406 1984 et
424 1934 509 1982 vera
528 1909 769 2006 respondere,
787 1936 833 1981 ne
855 1911 960 1982 nimis
976 1909 1145 1981 acerbum
1163 1911 1321 1982 audienti

257 2053 274 2092 a
288 2020 354 2093 tibi
368 2019 541 2090 videatur.
561 2017 631 2089 Sed
645 2043 759 2115 quum
780 2035 843 2090 aut
861 2020 980 2092 verbis
996 2021 1239 2117 castigandus,
1260 2038 1321 2093 aut

195 2137 198 2144 “
256 2132 394 2203 «armis
411 2130 476 2216 sit,
497 2129 560 2225 qui
577 2126 696 2200 foedus
712 2129 869 2228 rumpit,
889 2132 981 2202 sicut
999 2121 1136 2200 bellum
1154 2130 1321 2202 adversus

257 2274 273 2307 a
288 2258 323 2314 te
344 2241 423 2326 alii,
444 2263 553 2335 quam
574 2239 682 2322 mihi,
697 2240 906 2310 mandatum
926 2239 1064 2326 malim,
1084 2241 1133 2310 ita
1151 2242 1322 2310 orationis

232 2429 235 2436 Ι
257 2385 274 2418 α
288 2350 516 2424 acerbitatem
527 2347 696 2418 adversus
705 2349 884 2447 hospitem
894 2405 902 2434 ‚
914 2365 1113 2446 utcumque
1126 2361 1214 2438 est',
1225 2350 1320 2420 subi·

256 2495 272 2528 «
287 2463 337 2534 bo
360 2463 452 2531 sicu't
473 2458 624 2546 medici,
656 2483 770 2555 quum
794 2459 915 2530 salutis
946 2484 1052 2530 causa
1082 2461 1236 2531 tristiora
1263 2485 1321 2532 re·

258 2603 274 2638 a
288 2571 406 2643 media
422 2567 605 2640 adhibent.
626 2573 679 2638 Ex
697 2591 771 2665 quo
791 2591 943 2666 regnum
965 2568 1115 2666 adeptus
1133 2594 1191 2657 es,
1214 2594 1322 2640 unam

259 2706 366 2752 «rem
384 2695 439 2764 te,
455 2703 535 2774 quae
556 2674 717 2748 facienda
740 2676 865 2766 fuerit,
885 2695 1028 2773 senatus
1043 2677 1167 2750 fecisse
1182 2695 1320 2765 censen

261 2823 277 2856 a
292 2789 392 2888 quod
420 2789 555 2886 legatos
584 2790 732 2858 Romam
763 2787 807 2859 ad
833 2786 1104 2860 renovandum³
1124 2790 1170 2822 ***
1188 2791 1323 2885 judicat

260 2933 278 2968 a
291 2903 431 3000 potius,
453 2923 582 2997 quam,
605 2924 718 2995 quum
741 2916 953 2970 renovatum
971 2915 1082 2987 esset,
1104 2901 1320 2972 violandum.

260 3010 524 3107 «Abrupolim,
550 3009 684 3078 socium
711 3025 818 3106 atque
843 3012 997 3080 amicum
1020 3011 1147 3109 populi
1166 3014 1323 3095 romani,

257 3215 436 3280 jubendisaepe
449 3215 530 3262 omissi
543 3215 570 3265 τὸ
583 3215 770 3278 utsncqueim·
814 3216 919 3271 XXIII,
947 3231 976 3275 ²3
1004 3217 1119 3275 XXVII,
1142 3232 1168 3275 1,
1190 3233 1221 3278 s,
1243 3233 1272 3277 7,
1291 3219 1317 3276 8;

261 3291 417 3360 probandum
429 3291 547 3354 jubebant
559 3294 603 3340 vel
614 3292 714 3348 venire,
730 3293 774 3340 vel
815 3295 943 3352 XXVIII,
952 3310 982 3355 93
992 3295 1096 3356 XXIX,
1106 3311 1135 3357 a,
1147 3296 1171 3343 3.

262 3373 350 3420 daret:
370 3370 396 3416 in
418 3369 533 3432 regimine
560 3371 625 3418 enim
652 3370 772 3418 similibus
851 3373 912 3420 Cu.
921 3374 975 3420 XL.
989 3374 1182 3437 1.Esspectari·,
1195 3387 1222 3422 ut
1230 3392 1274 3424 nos
1288 3391 1324 3423 re-

262 3451 363 3514 aliisque
377 3447 456 3494 modis
466 3447 571 3507 variare,
580 3449 651 3496 Livio
660 3461 697 3497 est
707 3450 774 3498 fami·
815 3452 996 3514 spondeamus:
1012 3455 1046 3504 itu
1056 3455 1132 3517 junge
1146 3454 1232 3514 verbm
1250 3456 1323 3504 Diali.

217 3576 221 3582 ,
261 3526 495 3585 llarissimum3vide
507 3527 593 3574 iterum
605 3529 773 3577 Drakenbad
816 3531 859 3594 qui
876 3531 949 3578 etlam
957 3533 1024 3592 conj.
1040 3545 1180 3597 exspectare
1193 3551 1238 3582 vos
1244 3569 1253 3593 ,
1268 3536 1325 3597 sed,

261 3609 391 3666 XXXIX,
406 3604 517 3668 14,§9.
528 3607 596 3666 Quid
608 3624 665 3654 vcro
676 3625 772 3657 necesse
815 3610 908 3673 reliqua
937 3628 1039 3660 numero
1061 3615 1122 3677 sing.
1150 3615 1261 3678 concipi,
1276 3617 1326 3676 J'sm

261 3699 311 3746 est,
329 3698 357 3734 ut
376 3695 521 3742 statuamus,
542 3683 630 3742 daret,
652 3702 719 3750 aeque
743 3704 772 3735 ac
816 3689 870 3754 ipse
888 3693 992 3740 monuit.
1013 3695 1046 3743 Τὸ
1062 3692 1203 3742 ηοε’ἀο1ει·ε
1223 3694 1326 3742 malebat

260 3765 345 3814 venire
368 3763 475 3828 pendere
497 3780 510 3810 a
534 3763 610 3810 verbo
629 3764 772 3829 jubebam?
816 3770 877 3817 Aut.
892 3770 970 3818 Pei-is.

261 3845 348 3890 Iubere
359 3843 390 3890 ad
402 3858 479 3890 unum
492 3853 585 3890 tantum
595 3843 708 3902 verbnm,
720 3862 771 3893 non
852 3862 876 3895 a.
892 3850 1025 3913 Utcumque
1034 3863 1083 3908 est,
1102 3869 1135 3901 sc.
1149 3865 1204 3900 res:
1219 3852 1266 3900 nisi
1279 3853 1325 3915 leg.

240 3933 243 3939 ‘
261 3921 293 3969 sd
305 3921 395 3985 reliqua
408 3919 514 3981 ejusdem
528 3921 624 3986 periodi
636 3924 718 3970 referri
726 3941 772 3988 po-
815 3941 973 3991 quaecumque
984 3931 1117 3988 est;Crev.
1131 3931 1200 3978 Idem
1212 3947 1271 3980 mox
1285 3947 1326 3979 vo-

262 4009 315 4048 test.
326 3998 398 4049 Cous.
409 3997 440 4044 ad
450 4000 551 4058 XXVI,
563 4015 593 4047 aa
604 4016 646 4061 ,n.
656 4017 678 4061 7.
689 4003 771 4050 Em-
816 4020 868 4052 cem
881 4023 955 4069 quum
968 4008 1050 4057 abesse
1063 4009 1177 4059 malebat.

259 4077 368 4145 Hippian
382 4087 406 4123 et
415 4076 585 4132 Pantauchum
592 4096 603 4134 ,·
617 4079 666 4127 vid.
682 4080 769 4145 Polyb.
851 4087 960 4147 3.Quod
977 4089 1069 4152 legatos
1090 4091 1192 4137 Romam
1206 4089 1243 4137 ad
1256 4105 1327 4136 nno-
