2982 4702
247 377 315 449 130
675 370 713 438 r.
738 369 877 438 artu
1165 349 1288 454 titt:

240 501 302 566 illis
326 489 610 562 criminationibus
633 511 745 554 aurem
767 489 913 576 praebere
933 491 1099 555 Romanos
1123 509 1315 577 senserunt,

239 619 272 668 et
295 598 458 690 principes
482 590 642 682 quosdam
661 589 866 671 AEtolorum,
890 611 973 677 quos
1000 591 1120 678 pariter
1144 611 1315 681 suspectos

238 707 387 770 fecerunt
410 697 666 773 obtrectatorie!
686 693 874 772 calumniat,
887 693 1026 756 Romam
1047 689 1224 778 abductos,
1240 712 1314 762 tum

239 805 374 883 demum
395 819 479 887 opus
496 817 568 862 esse
590 792 819 876 methderunt,
843 808 882 856 ut
901 793 963 858 sibi
984 795 1047 884 ipsi
1065 796 1198 886 suisque
1213 799 1314 863 telnrs

238 905 456 972 consulerent.
475 898 589 981 Quum
606 913 717 960 autem
736 895 818 959 nibil
835 915 1044 962 succurreret
1058 915 1175 988 praeter
1189 903 1311 991 regiam

237 1005 428 1084 amicitiam,
448 1023 524 1066 cum
539 999 659 1062 Perseo
677 996 864 1062 societatem
879 997 962 1062 inire
978 1001 1080 1065 coacti
1098 1017 1194 1083 sunt,
1213 1003 1313 1089 eique

238 1124 369 1200 gentem
385 1125 476 1168 suam
492 1099 631 1165 tradere.
651 1099 765 1162 ttomae
781 1099 821 1162 A.
839 1098 1015 1183 Hostilius,
1039 1105 1077 1166 A.
1098 1102 1213 1166 Atilium
1232 1125 1312 1168 oan-

237 1210 340 1290 sules,
355 1205 437 1269 inito
454 1202 710 1290 magistratu,›et
725 1199 878 1286 peractis,
890 1223 963 1288 quae
977 1200 1086 1267 divina
1102 1203 1311 1292 humanaque

236 1313 271 1375 in
285 1307 368 1374 urbe
380 1323 414 1370 et
429 1305 514 1369 circa
529 1300 646 1366 urbem
663 1298 734 1364 fieri
751 1322 769 1362 a
791 1302 981 1366 consulibus
1003 1325 1075 1368 mos
1099 1307 1215 1388 est,·in
1231 1328 1310 1393 pro·

235 1410 356 1476 vincias
376 1403 514 1496 proiecti
538 1417 625 1465 sunt.
646 1400 821 1483 Hostilius,
849 1398 902 1466 cui
922 1403 1113 1469 Macedonia
1132 1406 1309 1496 obtigerat,

212 1535 339 1608 ,quum
361 1511 397 1573 in
419 1503 618 1572 Thessaliam
644 1499 686 1567 ad
713 1504 891 1568 exercitum
919 1521 1124 1593 properaret,
1152 1507 1310 1595 Epirum,

235 1636 308 1703 quae
328 1608 478 1675 nondum
500 1618 610 1693 aperte
638 1601 819 1685 defecerat,
843 1605 1030 1694 ingressus,
1052 1630 1168 1696 parum
1184 1609 1311 1686 abfuit,

235 1715 316 1804 quin
331 1709 491 1776 incideret
506 1705 542 1769 in
558 1703 667 1769 Persei
685 1710 812 1768 manus.
819 1704 1010 1771 Theodotus
1026 1709 1116 1772 enim
1132 1708 1265 1796 vidam
1279 1726 1312 1774 et

234 1817 467 1890 Philostratus,
480 1806 542 1870 rati
558 1827 646 1885 sese,
661 1804 779 1868 sicum
794 1804 863 1892 regi
878 1804 1061 1890 traderent,
1079 1831 1229 1897 magnam
1244 1831 1312 1898 gra·

234 1910 428 2002 tiamapud
447 1909 563 1972 Persea
586 1904 746 1981 inituros,
776 1920 809 1968 et
834 1905 1060 1992 gravissimum
1083 1909 1118 1973 in
1141 1912 1310 1998 praesentia

233 2014 390 2082 Romanis
411 2010 571 2075 damarim
590 2006 756 2085 illaturos,
771 2003 814 2068 ad
836 2023 947 2096 regem
965 2009 1073 2074 literas
1092 2010 1230 2095 dedere,
1253 2030 1309 2096 ut,

236 2131 358 2207 quanta
374 2111 512 2177 maxima
529 2121 640 2198 posset
657 2105 836 2182 eeleritate,
854 2127 1046 2176 accurreret.
1070 2113 1171 2194 Quod
1192 2115 1256 2179 nisi
1278 2130 1310 2180 et

235 2221 391 2284 Perseum
413 2211 539 2294 objecta
557 2231 576 2272 a
598 2205 749 2272 Molossis
769 2206 811 2270 ad
827 2210 933 2274 Loum
953 2232 1083 2278 amnem
1102 2237 1193 2280 mora
1208 2233 1310 2280 retar-

236 2319 359 2399 dasset,
377 2330 411 2380 et
425 2311 562 2392 consul,
583 2307 625 2373 de
643 2307 827 2374 imminenti
847 2311 993 2400 periculo
1013 2317 1178 2400 monitus,
1200 2320 1241 2382 ab
1257 2319 1309 2383 in-

235 2423 349 2487 stituto
364 2416 481 2480 itinere
498 2409 697 2491 deflexisset,
713 2410 767 2474 vix
778 2410 908 2477 videtur
921 2414 1065 2506 effugere
1078 2420 1234 2506 potuisse.
1247 2421 1311 2509 Igi-

234 2539 291 2586 tur
307 2519 416 2585 relicta
432 2515 532 2604 Epiro
553 2510 713 2601 navigavit
732 2512 937 2603 Anticyram,
959 2518 1048 2582 unde
1064 2519 1098 2584 in
1113 2521 1309 2586 Thessaliam

235 2619 415 2688 contendit.
443 2615 495 2681 Ibi
522 2628 657 2701 accepto
683 2614 825 2678 exercitu
851 2615 893 2680 ad
917 2615 1047 2682 hostem
1071 2622 1222 2708 perrexit.
1240 2620 1309 2686 Sed

235 2724 339 2789 nihilo
366 2719 491 2784 felicius
518 2715 642 2780 bobum
673 2712 928 2799 administravit,
956 2740 1055 2805 quam
1082 2721 1190 2809 priore
1222 2744 1310 2786 anno

235 2843 364 2918 gestum
382 2822 499 2886 fuerat.
519 2818 604 2883 Nam
627 2831 660 2880 et
682 2815 793 2903 praelio
814 2819 989 2885 commisso
1005 2844 1082 2886 cum
1094 2822 1174 2913 'rege
1193 2824 1309 2912 pulsus

235 2945 305 3009 est,
328 2942 361 2990 et
376 2945 481 3012 quum
500 2919 647 3010 primum
669 2939 728 3005 per
745 2919 912 3008 Elymeam
927 2922 996 3007 tim
1013 2923 1119 2990 facere
1136 2940 1307 3009 tentasset,

236 3027 354 3095 deinde
372 3047 434 3114 per
449 3019 646 3088 Thessaliam
668 3021 795 3086 occulte
819 3023 927 3088 mabri
950 3024 1023 3107 iter,
1047 3025 1170 3112 ubique
1192 3047 1308 3092 oecur-

235 3146 327 3196 rente
345 3128 484 3207 Perseo,
498 3143 586 3186 'rano
603 3135 724 3185 conatu
739 3122 893 3189 absistere
912 3141 1044 3190 coaetus
1058 3143 1118 3192 est.
1136 3127 1206 3192 Nec
1221 3130 1307 3192 Hor·

235 3233 359 3298 tensius
378 3242 512 3315 praetor,
535 3223 590 3288 oui
611 3223 718 3288 elassis
739 3225 918 3316 obtigerat,
936 3227 1116 3316 quidquam
1134 3230 1209 3296 satis
1229 3231 1308 3296 scite

235 3350 292 3398 aut
306 3333 470 3404 fortunate
487 3326 570 3415 egit,
586 3324 678 3405 cujus
694 3348 734 3390 ex
749 3328 847 3392 rebus
860 3329 958 3418 gestis
971 3329 1052 3394 nihil
1063 3329 1105 3418 ad
1118 3333 1307 3397 memoriam

235 3430 401 3520 insignius*
415 3441 482 3510 est,
503 3448 601 3514 mam
618 3425 758 3492 crudelis
779 3445 813 3492 et
835 3427 959 3517 perfida
977 3431 1068 3497 urbis
1080 3431 1307 3498 Abderitarum

236 3532 395 3622 direptio,
418 3551 522 3618 quum
546 3528 748 3594 intoleranda
772 3530 832 3594 sibi
858 3532 1009 3620 imposita
1032 3557 1132 3600 onera
1155 3527 1307 3624 depreca-

237 3650 361 3700 rentur.
384 3630 490 3719 Igitur
505 3630 642 3694 Perseus
664 3632 829 3696 Romanos
850 3633 917 3713 jam
943 3633 1140 3724 despiciens,
1160 3660 1198 3704 ao
1218 3638 1308 3702 velut

237 3739 362 3802 otiosus
377 3733 473 3824 plane
489 3746 522 3795 et
537 3753 676 3814 vacuus,
699 3734 859 3798 corollarii
881 3734 986 3800 ricem
1009 3737 1043 3801 in
1064 3737 1232 3802 Dardanos
1252 3760 1308 3802 er-

236 3839 422 3904 cursionem
437 3833 529 3915 iecit,
543 3847 591 3915 et,
602 3833 716 3898 decem
730 3835 873 3900 millibus
884 3838 1101 3904 barbarorum
1111 3838 1306 3920 interfectis,

265 4031 286 4096 ‘s
304 3997 424 4078 tustani
433 4029 514 4094 Capit.
528 4056 564 4067 -
577 4031 691 4080 Zonaras.
707 4057 741 4066 —
752 4031 840 4096 Polyb.
855 4045 881 4082 et
892 4033 968 4083 Diod.
981 4033 1047 4100 apud
1057 4034 1190 4082 Valetium.
1203 4061 1238 4084 .—
1248 4033 1306 4099 lipi-

234 4128 300 4166 tome
310 4114 384 4174 hujus
393 4113 450 4160 libri
461 4124 485 4161 et
497 4108 695 4170 xt11‚l.xt⁷11.
706 4140 740 4150 -
751 4114 815 4165 Plut.
824 4117 850 4164 in
860 4117 949 4178 Paulo,
960 4128 985 4167 et
996 4118 1098 4176 Florus,
1111 4121 1153 4178 ΙΙ,
1168 4133 1209 4179 71.
