2976 4712
265 362 335 458 392,
667 361 918 432 serrone

263 473 387 551 decem
414 501 529 550 annos
552 477 717 551 obsessos
737 480 845 550 Veios
867 481 987 578 cepit.
1013 482 1243 556 simulacrum
1265 492 1325 558 Ju-

262 589 368 660 nonis
382 573 533 660 Romam
547 589 748 661 transtulit.
764 588 938 662 decimam
952 605 1092 688 partem
1106 595 1234 691 praedae
1248 597 1325 668 Del-

261 697 354 796 phos
374 681 531 797 Apollini
554 701 661 770 misit.
690 699 790 770 Idem
815 699 982 772 tribunus
1008 702 1179 775 militum
1175 731 1323 802 ,quum

261 807 414 878 Faliscos
428 807 628 897 obsideret,
650 808 813 907 proditos
831 809 990 880 hostium
1004 811 1098 885 filios
1113 814 1323 911 parentibus

261 919 414 1006 remisit;
439 921 631 1016 statimque
650 918 962 1012 deditionelacta,
980 922 1195 994 Faliscorum
1215 927 1322 996 victo·

258 1029 373 1098 riam²
388 1030 525 1124 justitia
542 1045 786 1125 consequutus
805 1045 869 1101 est.
885 1033 1007 1122 Quum
1023 1031 1114 1104 alter
1131 1058 1176 1104 ex
1197 1059 1322 1104 censo·

257 1136 358 1210 ribus
373 1144 411 1212 C.
426 1139 540 1211 Julius
554 1138 775 1225 decessisset,
791 1145 828 1210 in
843 1141 963 1212 locum
979 1143 1056 1236 ejus
1069 1148 1117 1214 M.
1133 1145 1321 1216 Cornelius

258 1247 430 1321 suffectus
449 1264 513 1321 est.
537 1255 612 1322 Nec
633 1249 670 1319 id
692 1265 817 1347 postea
835 1248 970 1321 factum
989 1267 1043 1323 est
1057 1287 1075 1339 ,1
1088 1255 1261 1349 quoniam
1277 1278 1321 1324 eo

256 1358 368 1430 lustro
382 1384 402 1429 a
416 1358 526 1430 Gallis
540 1365 653 1458 Roma
669 1374 772 1457 capta
782 1374 847 1430 est.
864 1361 990 1432 Furius
1002 1361 1190 1449 Camillus,
1207 1387 1321 1458 quum

256 1470 290 1540 ei
306 1468 381 1540 dies
396 1493 416 1539 a
429 1472 468 1539 L.
485 1469 663 1569 Appuleio
678 1467 828 1539 tribuno
845 1468 961 1566 plebis
977 1468 1071 1541 dieta
1085 1485 1195 1554 esset,
1210 1473 1248 1540 in
1263 1496 1320 1542 ex-

256 1579 375 1650 silium
386 1579 483 1652 abiit.
497 1583 620 1670 Quum
634 1584 793 1650 Senones
809 1577 902 1649 Galli
916 1579 1078 1654 Clusium
1093 1579 1318 1669 obsiderent,

255 1704 291 1759 et
309 1691 435 1787 legati,
455 1717 475 1762 a
498 1707 632 1762 senatu·
643 1690 742 1760 missi
767 1688 813 1760 ad
835 1688 1124 1787 componendam
1142 1691 1237 1762 inter
1258 1715 1320 1762 eos

255 1813 291 1870 et
311 1800 477 1871 Clusinos
502 1824 646 1898 pacem,
669 1813 871 1897 pugnantes
894 1814 1020 1871 contra
1045 1797 1167 1870 Gallos
1188 1801 1227 1869 in
1245 1802 1319 1871 acie

254 1909 484 1981 Clusinorum
502 1911 699 1994 stetissent,
719 1909 789 1980 hoc
811 1907 906 1980 facto
928 1934 1053 1980 eorum
1075 1911 1244 1980 concitati
1261 1914 1319 1981 Se-

253 2043 368 2090 nones
386 2020 524 2091 Urbem
542 2018 673 2090 inlesto
692 2020 825 2090 exercit
828 2043 849 2088 u
869 2020 1072 2117 petierunt;
1090 2017 1252 2116 fusisque
1274 2020 1318 2090 ad

236 2127 381 2212 ,Alliam
399 2129 535 2200 flumen
554 2131 743 2216 Romanis,
770 2153 898 2226 cepere
915 2127 1044 2200 urbem
1062 2144 1193 2226 praeter
1214 2131 1317 2226 Capi·

253 2237 452 2326 tolium,1n
467 2238 616 2333 quodse
627 2239 799 2333 juventus
812 2239 1031 2310 contzulerat
1023 2241 1200 2334 majores
1214 2253 1316 2327 natu,

253 2370 335 2416 cum
358 2345 559 2444 insignibus
577 2348 761 2418 honorum
770 2375 893 2447 q,uos
911 2351 1065 2446 quisque
1085 2365 1256 2446 gesserat,
1279 2352 1316 2420 in

252 2455 436 2528 vestibulis
459 2456 589 2528 aedium
612 2458 796 2549 sedentes,
815 2459 1035 2530 occiderunt.
1054 2463 1099 2528 Et
1117 2482 1232 2555 quum
1251 2483 1315 2556 per

251 2591 409 2638 aversam
428 2584 567 2666 partem
585 2567 751 2666 Capitolii
761 2570 834 2664 jam
850 2571 889 2640 in
907 2594 1089 2640 summum
1104 2571 1314 2657 evasissent,

252 2676 385 2776 proditi
404 2680 570 2776 clangore
592 2691 777 2768 anserum,
791 2684 845 2750 Μ.
868 2680 991 2750 Manlii
1009 2681 1188 2779 praecipue
1206 2706 1316 2779 opera

253 2787 381 2884 dejecti
395 2779 488 2861 sunt.
505 2792 645 2861 Coactis
662 2788 792 2861 deinde
811 2806 961 2888 propter
974 2787 1130 2860 famem³
1145 2792 1314 2862 Romanis

252 2899 491 2989 descendere,
512 2917 552 2972 ut
573 2901 669 2971 mille
690 2901 815 2998 pondo
836 2903 914 2972 auri
930 2901 1075 2989 darent,
1094 2916 1131 2971 et
1147 2900 1219 2971 hoc
1237 2926 1314 2998 pre·

252 3011 302 3081 tic
318 3010 427 3082 finem
445 3010 641 3082 obsidionis
660 3026 837 3100 emerent,
857 3012 984 3082 Furius
1003 3010 1187 3097 Camillus,
1205 3010 1313 3082 dieta·

248 3137 306 3192 tor
318 3120 447 3192 absens
460 3137 613 3209 creatus,
626 3122 719 3191 inter
731 3121 964 3218 pendendum
978 3145 1105 3191 aurum
1114 3145 1199 3192 cum
1213 3145 1312 3192 exer-

251 3233 324 3301 citu
341 3231 458 3318 venit,
484 3246 520 3301 et
543 3229 665 3302 Gallos
683 3246 766 3328 post
789 3246 932 3302 sextum
953 3229 1113 3302 mensem
1136 3228 1234 3302 Urbe
1252 3256 1311 3301 ex·

250 3339 343 3438 pulit
361 3340 573 3436 ceciditque.
590 3340 693 3411 AEdes
707 3341 772 3411 Aio
788 3342 993 3436 Loquutiol
1010 3339 1122 3430 facta,
1142 3365 1217 3435 quo
1230 3340 1312 3411 loco

249 3561 281 3611 ab
299 3560 406 3610 hostibus
417 3580 426 3610 .·
438 3579 494 3610 nam
513 3575 580 3612 vates
598 3580 629 3612 cx
644 3563 755 3611 hortibus
838 3571 862 3618 4.
876 3563 925 3610 Αίο
940 3562 1077 3627 Loquutic‚·
1092 3562 1187 3611 Liviani
1198 3561 1256 3617 libri
1270 3578 1311 3610 ve-

249 3639 306 3689 luit.
798 3653 860 3690 teres
883 3641 1005 3690 habebant
1025 3639 1184 3705 Alloquutic,
1210 3641 1312 3690 testibus

248 3775 250 3779 Ι
282 3734 313 3784 a.
323 3718 472 3768 Faliscorum
489 3720 636 3779 victoriam,
661 3722 692 3770 de
712 3725 765 3769 Fu·¹
799 3720 881 3786 Sigon.
903 3721 999 3770 Crever.
1018 3731 1043 3768 et
1069 3719 1144 3767 Dmls.
1163 3720 1311 3768 Restitutum

247 3797 326 3856 lincis,
335 3810 363 3846 ut
375 3799 441 3862 apud
453 3799 544 3848 Justin.
556 3802 586 3859 V,
597 3808 622 3855 4.
781 3817 783 3820 ·
798 3810 834 3847 est
851 3799 909 3846 huic
928 3814 994 3847 novo
1017 3798 1113 3846 numini
1132 3814 1202 3845 snum
1220 3813 1312 3846 nomen

282 3877 307 3922 3.
327 3877 421 3924 Coactis
440 3878 527 3927 deinde
545 3889 644 3943 propter
658 3878 754 3944 famem
798 3893 830 3924 cx
846 3893 899 3940 cap.
916 3879 948 3926 50
962 3876 1035 3939 hujus
1048 3877 1114 3924 libri.
1125 3878 1236 3924 Vocatur
1249 3874 1312 3924 Aius

245 3953 359 4002 Romanis
371 3954 526 4015 descendere,
540 3958 602 4005 forte
615 3958 661 4024 leg.
675 3974 703 4005 eo
715 3957 753 4004 de·
797 3954 903 4018 loquens,
915 3955 966 4004 Cic.
977 3956 1007 4003 de
1016 3957 1101 4004 Divin.
1111 3955 1155 4002 lib.
1166 3958 1191 4012 l,
1201 3972 1256 4020 cap.
1268 3957 1310 4014 45,

245 4031 356 4079 scandere
362 4051 372 4089 ;
380 4034 458 4082 Grun.
470 4032 543 4084 Conl.
553 4037 584 4084 ad
593 4037 645 4086 Liv.
657 4039 750 4096 XXIII,
795 4046 821 4082 et
836 4035 881 4082 lib.
895 4037 932 4094 11,
948 4034 1310 4100 centumcentumn

249 4115 326 4166 14,n.
340 4109 364 4156 d.
795 4111 956 4176 cap.17.En.

452 4211 462 4240 ἱ
