2972 4720
246 368 289 448 ra
672 368 711 433 r.
739 367 866 434 mvn
1157 345 1281 446 tite:

245 504 374 574 essent,
391 513 455 558 nec
470 492 616 557 omnino
633 493 743 557 ituros
758 512 797 558 se
811 493 984 570 Romam,
1002 485 1244 560 indicaverint.
1265 490 1308 554 In

245 595 325 678 cede
346 597 550 693 AEsculapii
572 595 833 668 clandestinum
860 621 920 668 eos
937 620 1011 693 per
1033 595 1174 693 aliquot
1190 611 1309 664 noctes

245 706 436 777 consilium.
438 712 649 803 principum
663 706 853 792 habuisse,
874 705 970 776 unde
980 720 1159 800 praterea
1174 701 1309 798 legatos

240 815 390 908 ,occultis
409 841 490 886 cum
511 816 694 886 mandatis
712 821 866 887 Romam
886 820 1010 886 mitti1.
1037 818 1135 884 Eam
1158 837 1308 884 causam

233 929 354 1017 fuisse
365 933 470 1024 patri
487 926 651 996 mittendi
667 950 706 995 se
721 931 895 1010 Romam,
915 929 981 1021 qui
993 923 1245 1020 deprecaretur
1256 947 1310 992 se-

243 1052 391 1123 natum,
413 1027 459 1106 ne
482 1037 575 1133 quid
591 1036 841 1106 communibus
864 1039 1014 1108 inimicis
1037 1031 1309 1104 criminantibus

245 1171 284 1215 se
313 1145 510 1230 crederent,
542 1170 651 1242 quem
673 1145 720 1215 ob
745 1143 884 1216 nullam
908 1143 1021 1214 aliam
1046 1165 1215 1228 causam,
1242 1148 1312 1212 nisi

219 1283 223 1292 ¹
237 1270 391 1350 propte-r
410 1269 631 1326 constantem
646 1253 768 1349 fidem
793 1279 878 1350 erga
891 1255 1072 1351 populum
1093 1275 1283 1326 romanum
1296 1306 1313 1341 ,‚

247 1364 411 1438 odissent.
427 1365 489 1434 His
502 1380 698 1460 utrumque
716 1362 868 1450 auditis,
883 1378 1043 1449 senatus,
1060 1363 1106 1433 de
1122 1362 1311 1460 postulatis

145 1466 155 1522 ἒ
246 1475 592 1572 Carthaginiensium
614 1473 818 1555 consultae,
843 1472 1062 1570 respondere
1086 1473 1158 1542 'ita'
1180 1471 1308 1566 jussit:

171 1570 175 1576 ⁴
251 1584 443 1661 Gulussam
460 1584 608 1682 placere
628 1583 808 1681 extemplo
830 1591 867 1654 in
884 1583 1099 1660 Numidiam
1106 1583 1306 1679 proficisci,

246 1711 281 1766 et
296 1702 463 1766 nuntiare
471 1702 591 1792 patri,
609 1695 776 1790 utdeiis,
792 1693 981 1790 dequibus
998 1693 1309 1787 Carthaginienses

246 1821 455 1902 queruntur,
474 1805 608 1900 legatos
627 1830 739 1901 quam
750 1812 912 1903 primum
926 1803 979 1872 ad
992 1818 1157 1874 senatum
1177 1807 1312 1887 mittat,-

245 1915 501 2011 denuntietque
522 1915 893 2010 Carthaginiensibus,
915 1929 956 1986 ut
973 1913 1026 1984 ad
1040 1913 1312 2010 disceptandum

249 2029 407 2092 veniant.
429 2025 470 2093 Si
483 2021 628 2120 aliquid
633 2039 785 2121 possent
800 2028 1004 2098 Masinissa
1020 2023 1166 2096 lionoris
1181 2047 1311 2108 causa,

231 2148 285 2206 ct
299 2135 435 2223 fecisse
463 2150 499 2204 et
514 2135 684 2224 facturos
713 2158 815 2204 esse:
836 2134 902 2228 jus
926 2140 1057 2228 gratia
1083 2129 1183 2204 ηοιι3
1211 2134 1309 2214 dare.

249 2249 409 2340 Agrum,
433 2271 507 2342 qua
528 2248 701 2344 cujusque
715 2251 776 2331 sit,
792 2245 975 2342 possideri
993 2242 1105 2328 nelle,-
1122 2269 1187 2319 nec
1204 2266 1312 2314 novos

249 2371 403 2424 statuere
404 2357 523 2450 fines,
539 2355 607 2425 sed
616 2357 753 2430 veteres
767 2355 962 2441 observari,
978 2360 1015 2424 in
1030 2359 1152 2426 animo
1166 2352 1318 2428 hahere„

254 2461 607 2559 Carthaginiensibus
623 2471 726 2536 uictis
742 2477 780 2536 se
799 2483 835 2536 et
850 2465 955 2535 urbes
964 2520 974 2552 ,
998 2481 1034 2534 et
1043 2489 1149 2560 agros
1169 2488 1313 2534 conces·

251 2583 354 2665 sisse,·
367 2591 439 2647 non
455 2593 496 2646 ut
510 2583 546 2646 in
556 2602 654 2674 pace
667 2583 844 2674 eriperent
853 2601 923 2673 per
937 2578 1124 2674 injuriam,
1138 2575 1314 2671 qucejure

288 2759 349 2806 Car.
362 2759 457 2806 XXIV.
472 2775 495 2808 1.
514 2759 582 2806 Unde
588 2770 712 2823 praterea
727 2760 761 2806 le·
803 2757 888 2824 gratia
896 2758 967 2822 plus,
985 2774 1059 2822 quam
1075 2741 1180 2813 veritas,
1195 2754 1264 2818 apud
1274 2770 1315 2800 eos

250 2849 323 2901 gatos
338 2839 436 2886 acereltis
452 2855 506 2886 eum
521 2837 644 2885 nrandatis
661 2839 763 2884 Romam
806 2835 1162 2901 valeret,patet,aententiam
1171 2834 1258 2881 horum
1266 2849 1316 2879 ver·
1400 2869 1404 2878 .

254 2917 317 2966 inari
323 2953 332 2976 s
348 2919 416 2972 locus
429 2919 503 2969 lacer.
512 2918 611 2972 Placuit
623 2918 762 2971 addendum
806 2915 895 2964 borum
908 2933 974 2975 esse,
990 2916 1046 2980 plus
1058 2915 1125 2979 apud
1139 2930 1166 2961 se
1175 2915 1216 2974 J'us
1229 2912 1315 2960 valitu-

252 2997 353 3066 putabat
361 3001 399 3046 vir
413 2998 498 3047 ‹loctus
512 2999 543 3046 ad
559 3015 635 3068 marg.
648 2997 688 3052 ed.
703 2999 762 3047 Cur.
776 3059 778 3064 Α
806 3013 874 3055 ram,
887 3014 960 3061 qnam
978 2997 1095 3060 beatiam,
1109 3011 1134 3041 se
1149 2994 1231 3056 gratiae
1245 3008 1317 3039 causa

252 3077 308 3124 inde
320 3093 345 3124 se
360 3077 422 3124 nibil
431 3078 542 3136 audisse,
553 3089 719 3142 preterquam
732 3078 761 3124 le·
806 3092 858 3124 non
874 3077 1009 3126 violaturos
1021 3077 1076 3135 jus,
1093 3083 1135 3119 aut
1150 3072 1261 3132 cuiqnam
1276 3071 1317 3128 jus

249 3169 333 3219 gatos,
344 3168 391 3206 etc.
402 3157 465 3205 Cler.
474 3157 532 3204 inde
545 3156 608 3204 nilril
617 3173 758 3214 emanasse,
804 3167 949 3220 negaturam
958 3191 960 3194 -
970 3154 1051 3202 omnia
1070 3151 1134 3212 juri,
1152 3147 1215 3196 nihil
1235 3147 1317 3210 gratiae

250 3247 414 3298 preterquam
425 3235 591 3298 legatosmtc,¹
602 3235 773 3286 mah—An·
806 3225 1317 3292 daturosesseffluk.-Haecverba,jus
1362 3247 1367 3255 =

255 3312 352 3371 dacter,
374 3313 416 3360 sed
441 3329 492 3361 non
519 3314 576 3360 satis
601 3313 762 3378 probabiliter
803 3314 894 3378 gratia
913 3329 962 3360 non
984 3311 1059 3365 dare,
1082 3304 1228 3362 obscuritate
1250 3304 1318 3354 labo·
1350 3373 1354 3380 Ι

253 3389 320 3438 hunc
331 3392 412 3439 locum
421 3393 494 3460 Doer,
505 3393 538 3439 ita
550 3391 659 3457 refingit:
664 3403 763 3458 patrem
807 3402 875 3448 rant,
894 3406 949 3452 quae
969 3395 1108 3442 evanescet,
1128 3384 1149 3430 si
1162 3383 1248 3447 legeris
1261 3401 1317 3432 cum

255 3470 397 3534 comperisse
415 3482 529 3518 tantam.-
542 3471 567 3518 in
585 3473 638 3528 ade
653 3471 765 3522 AEscula-¹
807 3469 873 3522 Frid.
883 3467 982 3518 Jacobs.
996 3461 1159 3528 apuleoell.
1177 3478 1232 3526 pag.
1251 3472 1316 3524 400,

253 3549 329 3613 pii...
343 3550 406 3596 unde
412 3562 544 3614 presentes
555 3551 687 3616 legatos...
701 3548 765 3597 mitti
802 3547 846 3612 jus
853 3539 945 3610 gratia
953 3559 1002 3590 non
1007 3541 1114 3607 prodere
1119 3576 1128 3600 ,
1140 3552 1165 3589 et
1173 3542 1199 3589 h.
1206 3542 1224 3589 l.
1234 3558 1317 3590 sensus

254 3628 358 3692 placuit.
367 3631 414 3678 En.
809 3624 867 3673 liet:
881 3626 912 3672 Et
927 3634 978 3670 tum
998 3621 1113 3686 gratiam,
1125 3637 1172 3684 qun
1190 3621 1318 3669 Masinissa

292 3725 318 3755 a.
327 3707 479 3772 Respondere
489 3706 526 3756 ita
535 3707 620 3771 jussit,
630 3725 664 3757 se.
676 3719 765 3774 presto·
809 3703 875 3767 apud
893 3705 1017 3750 Romanos
1035 3699 1143 3756 floreret,
1159 3714 1210 3746 non
1225 3711 1318 3746 tantum

258 3803 308 3834 rem
331 3787 451 3835 urbanum
464 3787 541 3854 (nam
563 3787 674 3835 consules
698 3797 767 3835 erant
811 3782 1116 3845 valituram,utpropterea
1121 3781 1161 3841 jus
1170 3778 1274 3841 prodere
1285 3789 1319 3825 at·

259 3864 403 3930 absentes),
415 3868 455 3916 vel
465 3885 519 3917 eum
530 3869 572 3931 qui
585 3879 695 3916 senatum
707 3881 765 3913 eon·
811 3879 857 3926 que
870 3861 961 3909 violare
976 3859 1130 3909 sustinerent.
1140 3860 1318 3916 lin-Veteres

260 3943 379 3992 suluerat:
393 3947 439 3993 nisi
456 3947 503 4010 leg.
521 3946 661 4010 responderi
668 3965 679 4003 ,·
692 3942 766 3992 Drak.
811 3941 945 3999 observari,
961 3943 1034 3989 immo
1052 3940 1194 3994 observares
1208 3939 1318 3984 Gronov.

297 4024 321 4070 3.
332 4027 375 4070 Jns
382 4023 472 4087 gratiae
480 4041 528 4087 non
539 4026 653 4075 daretex
661 4022 767 4088 eoquod
812 4022 883 4070 Conl.
898 4033 977 4069 tamen
989 4020 1062 4068 Drak.
1077 4018 1109 4066 ad
1122 4020 1174 4076 111,
1190 4017 1219 4062 51
1231 4050 1237 4072 ,
1256 4031 1281 4062 n.
1293 4031 1319 4060 n.

261 4101 346 4162 Poeni,
363 4117 417 4164 cop.
433 4103 517 4160 23,in
537 4116 620 4153 senatu
637 4102 769 4164 dicunt,si
813 4091 1258 4168 §Regillum-videad1,39,n.a.
1286 4119 1288 4131 ·
