<?xml version="1.0" encoding="UTF-8"?>
<!DOCTYPE html PUBLIC "-//W3C//DTD XHTML 1.0 Transitional//EN"
    "http://www.w3.org/TR/xhtml1/DTD/xhtml1-transitional.dtd">
<html xmlns="http://www.w3.org/1999/xhtml" xml:lang="en" lang="en">
 <head>
  <title>
</title>
<meta http-equiv="Content-Type" content="text/html;charset=utf-8" />
  <meta name='ocr-system' content='tesseract 3.04.00' />
  <meta name='ocr-capabilities' content='ocr_page ocr_carea ocr_par ocr_line ocrx_word'/>
</head>
<body>
  <div class='ocr_page' id='page_1' title='image "./titusliviuspata02freigoog_0198.png"; bbox 0 0 2984 4706; ppageno 0'>
   <div class='ocr_carea' id='block_1_1' title="bbox 166 361 1349 3357">
    <p class='ocr_par' dir='ltr' id='par_1_1' title="bbox 166 361 1349 2916">
     <span class='ocr_line' id='line_1_1' title="bbox 184 361 1247 488; baseline 0.012 -41"><span class='ocrx_word' id='word_1_1' title='bbox 184 373 185 378; x_wconf 67' lang='lat'>‘</span> <span class='ocrx_word' id='word_1_2' title='bbox 211 363 238 459; x_wconf 66' lang='lat' dir='ltr'><strong>t:</strong></span> <span class='ocrx_word' id='word_1_3' title='bbox 251 361 275 462; x_wconf 68' lang='grc' dir='ltr'><strong>ἓ,</strong></span> <span class='ocrx_word' id='word_1_4' title='bbox 290 362 334 461; x_wconf 68' lang='lat'>3¹33:</span> <span class='ocrx_word' id='word_1_5' title='bbox 434 383 526 448; x_wconf 82' lang='lat' dir='ltr'><strong>mn.</strong></span> <span class='ocrx_word' id='word_1_6' title='bbox 555 381 691 448; x_wconf 71' lang='lat' dir='ltr'><strong>xciv.</strong></span> <span class='ocrx_word' id='word_1_7' title='bbox 720 381 826 449; x_wconf 74' lang='lat' dir='ltr'><strong>cau.</strong></span> <span class='ocrx_word' id='word_1_8' title='bbox 855 387 989 452; x_wconf 59' lang='lat' dir='ltr'><strong>qut.</strong></span> <span class='ocrx_word' id='word_1_9' title='bbox 1106 395 1115 414; x_wconf 48' lang='lat'><strong>⁸</strong></span> <span class='ocrx_word' id='word_1_10' title='bbox 1180 391 1247 488; x_wconf 83' lang='lat'><strong>189</strong></span> 
     </span>
     <span class='ocr_line' id='line_1_2' title="bbox 183 484 1282 603; baseline 0.011 -31"><span class='ocrx_word' id='word_1_11' title='bbox 183 499 421 574; x_wconf 80' lang='lat' dir='ltr'><strong>emicantibus</strong></span> <span class='ocrx_word' id='word_1_12' title='bbox 440 501 735 599; x_wconf 79' lang='lat' dir='ltr'><strong>percutiebantur</strong></span> <span class='ocrx_word' id='word_1_13' title='bbox 747 504 773 571; x_wconf 71' lang='lat'><strong>4.</strong></span> <span class='ocrx_word' id='word_1_14' title='bbox 792 506 981 590; x_wconf 82' lang='lat' dir='ltr'><strong>-Revocatis</strong></span> <span class='ocrx_word' id='word_1_15' title='bbox 1003 507 1110 603; x_wconf 91' lang='lat' dir='ltr'><strong>igitur</strong></span> <span class='ocrx_word' id='word_1_16' title='bbox 1128 509 1165 579; x_wconf 90' lang='lat' dir='ltr'><strong>in</strong></span> <span class='ocrx_word' id='word_1_17' title='bbox 1185 539 1248 584; x_wconf 92' lang='lat' dir='ltr'><strong>na·</strong></span> <span class='ocrx_word' id='word_1_18' title='bbox 1279 484 1282 490; x_wconf 21' lang='grc' dir='ltr'><strong><em>Ι</em></strong></span> 
     </span>
     <span class='ocr_line' id='line_1_3' title="bbox 183 609 1247 715; baseline 0.011 -34"><span class='ocrx_word' id='word_1_19' title='bbox 183 635 245 681; x_wconf 90' lang='lat' dir='ltr'><strong>ves</strong></span> <span class='ocrx_word' id='word_1_20' title='bbox 259 609 448 697; x_wconf 89' lang='lat' dir='ltr'><strong>militibus,</strong></span> <span class='ocrx_word' id='word_1_21' title='bbox 466 611 669 707; x_wconf 79' lang='lat' dir='ltr'><strong>omissaque</strong></span> <span class='ocrx_word' id='word_1_22' title='bbox 685 610 944 684; x_wconf 79' lang='lat' dir='ltr'><strong>Thessalonicae</strong></span> <span class='ocrx_word' id='word_1_23' title='bbox 958 621 1247 715; x_wconf 83' lang='lat' dir='ltr'><strong>oppugnatione,</strong></span> 
     </span>
     <span class='ocr_line' id='line_1_4' title="bbox 183 719 1250 822; baseline 0.012 -32"><span class='ocrx_word' id='word_1_24' title='bbox 183 722 319 791; x_wconf 89' lang='lat' dir='ltr'><strong>AEniam</strong></span> <span class='ocrx_word' id='word_1_25' title='bbox 351 720 434 792; x_wconf 83' lang='lat' dir='ltr'><strong>ind-e</strong></span> <span class='ocrx_word' id='word_1_26' title='bbox 462 735 601 818; x_wconf 85' lang='lat' dir='ltr'><strong>petunt.</strong></span> <span class='ocrx_word' id='word_1_27' title='bbox 628 719 843 812; x_wconf 88' lang='lat' dir='ltr'><strong>Quindecim</strong></span> <span class='ocrx_word' id='word_1_28' title='bbox 869 724 979 799; x_wconf 88' lang='lat' dir='ltr'><strong>millia</strong></span> <span class='ocrx_word' id='word_1_29' title='bbox 1006 750 1177 822; x_wconf 88' lang='lat' dir='ltr'><strong>passuum</strong></span> <span class='ocrx_word' id='word_1_30' title='bbox 1208 757 1250 804; x_wconf 88' lang='lat' dir='ltr'><strong>ea</strong></span> 
     </span>
     <span class='ocr_line' id='line_1_5' title="bbox 183 829 1250 936; baseline 0.012 -34"><span class='ocrx_word' id='word_1_31' title='bbox 183 830 273 902; x_wconf 93' lang='lat' dir='ltr'><strong>urbs</strong></span> <span class='ocrx_word' id='word_1_32' title='bbox 289 830 407 916; x_wconf 86' lang='lat' dir='ltr'><strong>abest,</strong></span> <span class='ocrx_word' id='word_1_33' title='bbox 424 831 593 902; x_wconf 87' lang='lat' dir='ltr'><strong>adversus</strong></span> <span class='ocrx_word' id='word_1_34' title='bbox 608 829 768 926; x_wconf 91' lang='lat' dir='ltr'><strong>Pydnam</strong></span> <span class='ocrx_word' id='word_1_35' title='bbox 781 833 917 929; x_wconf 87' lang='lat' dir='ltr'><strong>posita,</strong></span> <span class='ocrx_word' id='word_1_36' title='bbox 932 832 1040 906; x_wconf 85' lang='lat' dir='ltr'><strong>fertili</strong></span> <span class='ocrx_word' id='word_1_37' title='bbox 1053 863 1150 936; x_wconf 88' lang='lat' dir='ltr'><strong>agro.</strong></span> <span class='ocrx_word' id='word_1_38' title='bbox 1167 846 1250 914; x_wconf 89' lang='lat' dir='ltr'><strong>Per·</strong></span> 
     </span>
     <span class='ocr_line' id='line_1_6' title="bbox 183 940 1250 1048; baseline 0.009 -36"><span class='ocrx_word' id='word_1_39' title='bbox 183 943 326 1012; x_wconf 89' lang='lat' dir='ltr'><strong>vastatis</strong></span> <span class='ocrx_word' id='word_1_40' title='bbox 342 940 476 1012; x_wconf 90' lang='lat' dir='ltr'><strong>finibus</strong></span> <span class='ocrx_word' id='word_1_41' title='bbox 495 943 588 1037; x_wconf 84' lang='lat' dir='ltr'><strong>ejus,</strong></span> <span class='ocrx_word' id='word_1_42' title='bbox 607 941 765 1039; x_wconf 86' lang='lat' dir='ltr'><strong>legentes</strong></span> <span class='ocrx_word' id='word_1_43' title='bbox 783 967 901 1030; x_wconf 90' lang='lat' dir='ltr'><strong>oram,</strong></span> <span class='ocrx_word' id='word_1_44' title='bbox 918 947 1156 1041; x_wconf 87' lang='lat' dir='ltr'><strong>Antigoneam</strong></span> <span class='ocrx_word' id='word_1_45' title='bbox 1169 976 1250 1048; x_wconf 90' lang='lat' dir='ltr'><strong>per-</strong></span> 
     </span>
     <span class='ocr_line' id='line_1_7' title="bbox 182 1050 1250 1150; baseline 0.012 -28"><span class='ocrx_word' id='word_1_46' title='bbox 182 1054 343 1124; x_wconf 91' lang='lat' dir='ltr'><strong>veniunt.</strong></span> <span class='ocrx_word' id='word_1_47' title='bbox 370 1050 445 1139; x_wconf 89' lang='lat' dir='ltr'><strong>Ibi,</strong></span> <span class='ocrx_word' id='word_1_48' title='bbox 473 1053 604 1148; x_wconf 85' lang='lat' dir='ltr'><strong>egressi</strong></span> <span class='ocrx_word' id='word_1_49' title='bbox 629 1053 840 1139; x_wconf 88' lang='lat' dir='ltr'><strong>interram,</strong></span> <span class='ocrx_word' id='word_1_50' title='bbox 864 1055 982 1150; x_wconf 90' lang='lat' dir='ltr'><strong>primo</strong></span> <span class='ocrx_word' id='word_1_51' title='bbox 1007 1072 1044 1128; x_wconf 90' lang='lat' dir='ltr'><strong>et</strong></span> <span class='ocrx_word' id='word_1_52' title='bbox 1069 1076 1250 1136; x_wconf 89' lang='lat' dir='ltr'><strong>vastarunt</strong></span> 
     </span>
     <span class='ocr_line' id='line_1_8' title="bbox 182 1162 1248 1261; baseline 0.012 -29"><span class='ocrx_word' id='word_1_53' title='bbox 182 1185 287 1259; x_wconf 91' lang='lat' dir='ltr'><strong>agros</strong></span> <span class='ocrx_word' id='word_1_54' title='bbox 307 1164 458 1258; x_wconf 90' lang='lat' dir='ltr'><strong>passim,</strong></span> <span class='ocrx_word' id='word_1_55' title='bbox 482 1177 518 1232; x_wconf 92' lang='lat' dir='ltr'><strong>et</strong></span> <span class='ocrx_word' id='word_1_56' title='bbox 538 1162 761 1258; x_wconf 91' lang='lat' dir='ltr'><strong>aliquantum</strong></span> <span class='ocrx_word' id='word_1_57' title='bbox 788 1164 1179 1261; x_wconf 33' lang='lat' dir='ltr'><strong>praedae-*contulerunt</strong></span> <span class='ocrx_word' id='word_1_58' title='bbox 1203 1176 1248 1246; x_wconf 94' lang='lat' dir='ltr'><strong>ad</strong></span> 
     </span>
     <span class='ocr_line' id='line_1_9' title="bbox 183 1271 1250 1380; baseline 0.011 -38"><span class='ocrx_word' id='word_1_59' title='bbox 183 1296 302 1343; x_wconf 90' lang='lat' dir='ltr'><strong>naves.</strong></span> <span class='ocrx_word' id='word_1_60' title='bbox 322 1275 415 1343; x_wconf 88' lang='lat' dir='ltr'><strong>Dein</strong></span> <span class='ocrx_word' id='word_1_61' title='bbox 435 1271 572 1370; x_wconf 88' lang='lat' dir='ltr'><strong>palatos</strong></span> <span class='ocrx_word' id='word_1_62' title='bbox 590 1297 652 1343; x_wconf 92' lang='lat' dir='ltr'><strong>eos</strong></span> <span class='ocrx_word' id='word_1_63' title='bbox 673 1272 790 1374; x_wconf 85' lang='lat' dir='ltr'><strong>adorti</strong></span> <span class='ocrx_word' id='word_1_64' title='bbox 812 1275 1047 1364; x_wconf 88' lang='lat' dir='ltr'><strong>Macedones,</strong></span> <span class='ocrx_word' id='word_1_65' title='bbox 1069 1281 1171 1352; x_wconf 84' lang='lat' dir='ltr'><strong>mixti</strong></span> <span class='ocrx_word' id='word_1_66' title='bbox 1190 1309 1250 1380; x_wconf 88' lang='lat' dir='ltr'><strong>pe·</strong></span> 
     </span>
     <span class='ocr_line' id='line_1_10' title="bbox 183 1381 1349 1488; baseline 0.009 -34"><span class='ocrx_word' id='word_1_67' title='bbox 183 1383 274 1454; x_wconf 86' lang='lat' dir='ltr'><strong>dites</strong></span> <span class='ocrx_word' id='word_1_68' title='bbox 288 1383 516 1480; x_wconf 84' lang='lat' dir='ltr'><strong>equitesque,</strong></span> <span class='ocrx_word' id='word_1_69' title='bbox 533 1381 710 1480; x_wconf 89' lang='lat' dir='ltr'><strong>fugientes</strong></span> <span class='ocrx_word' id='word_1_70' title='bbox 722 1383 835 1455; x_wconf 87' lang='lat' dir='ltr'><strong>effuse</strong></span> <span class='ocrx_word' id='word_1_71' title='bbox 849 1385 894 1455; x_wconf 89' lang='lat' dir='ltr'><strong>ad</strong></span> <span class='ocrx_word' id='word_1_72' title='bbox 908 1411 1005 1457; x_wconf 90' lang='lat' dir='ltr'><strong>mare</strong></span> <span class='ocrx_word' id='word_1_73' title='bbox 1019 1398 1247 1488; x_wconf 84' lang='lat' dir='ltr'><strong>persequuti,</strong></span> <span class='ocrx_word' id='word_1_74' title='bbox 1347 1381 1349 1388; x_wconf 53' lang='grc'><em>’</em></span> 
     </span>
     <span class='ocr_line' id='line_1_11' title="bbox 183 1493 1248 1598; baseline 0.011 -35"><span class='ocrx_word' id='word_1_75' title='bbox 183 1494 400 1591; x_wconf 91' lang='lat' dir='ltr'><strong>quingentos</strong></span> <span class='ocrx_word' id='word_1_76' title='bbox 416 1493 528 1564; x_wconf 85' lang='lat' dir='ltr'><strong>senne</strong></span> <span class='ocrx_word' id='word_1_77' title='bbox 544 1493 773 1581; x_wconf 88' lang='lat' dir='ltr'><strong>occiderunt,</strong></span> <span class='ocrx_word' id='word_1_78' title='bbox 788 1509 824 1565; x_wconf 91' lang='lat' dir='ltr'><strong>et</strong></span> <span class='ocrx_word' id='word_1_79' title='bbox 837 1520 913 1566; x_wconf 91' lang='lat' dir='ltr'><strong>non</strong></span> <span class='ocrx_word' id='word_1_80' title='bbox 927 1499 1047 1569; x_wconf 91' lang='lat' dir='ltr'><strong>minus</strong></span> <span class='ocrx_word' id='word_1_81' title='bbox 1062 1519 1248 1598; x_wconf 88' lang='lat' dir='ltr'><strong>ceperunt.</strong></span> 
     </span>
     <span class='ocr_line' id='line_1_12' title="bbox 181 1603 1248 1708; baseline 0.007 -31"><span class='ocrx_word' id='word_1_82' title='bbox 181 1609 256 1677; x_wconf 90' lang='lat' dir='ltr'><strong>Nec</strong></span> <span class='ocrx_word' id='word_1_83' title='bbox 272 1603 389 1692; x_wconf 91' lang='lat' dir='ltr'><strong>aliud,</strong></span> <span class='ocrx_word' id='word_1_84' title='bbox 408 1621 518 1700; x_wconf 85' lang='lat' dir='ltr'><strong>quant</strong></span> <span class='ocrx_word' id='word_1_85' title='bbox 534 1603 659 1674; x_wconf 85' lang='lat' dir='ltr'><strong>ultima</strong></span> <span class='ocrx_word' id='word_1_86' title='bbox 677 1605 884 1692; x_wconf 89' lang='lat' dir='ltr'><strong>necessitas,</strong></span> <span class='ocrx_word' id='word_1_87' title='bbox 901 1630 1017 1701; x_wconf 91' lang='lat' dir='ltr'><strong>quum</strong></span> <span class='ocrx_word' id='word_1_88' title='bbox 1033 1610 1194 1708; x_wconf 88' lang='lat' dir='ltr'><strong>recipere</strong></span> <span class='ocrx_word' id='word_1_89' title='bbox 1211 1639 1248 1685; x_wconf 91' lang='lat' dir='ltr'><strong>se</strong></span> 
     </span>
     <span class='ocr_line' id='line_1_13' title="bbox 166 1713 1245 1813; baseline 0.004 -24"><span class='ocrx_word' id='word_1_90' title='bbox 166 1731 261 1789; x_wconf 79' lang='lat' dir='ltr'><strong>tuto</strong></span> <span class='ocrx_word' id='word_1_91' title='bbox 280 1716 326 1788; x_wconf 89' lang='lat' dir='ltr'><strong>ad</strong></span> <span class='ocrx_word' id='word_1_92' title='bbox 347 1741 454 1787; x_wconf 90' lang='lat' dir='ltr'><strong>naves</strong></span> <span class='ocrx_word' id='word_1_93' title='bbox 474 1713 770 1813; x_wconf 86' lang='lat' dir='ltr'><strong>prohiberentur,</strong></span> <span class='ocrx_word' id='word_1_94' title='bbox 792 1717 931 1786; x_wconf 90' lang='lat' dir='ltr'><strong>animos</strong></span> <span class='ocrx_word' id='word_1_95' title='bbox 951 1717 1107 1789; x_wconf 90' lang='lat' dir='ltr'><strong>militum</strong></span> <span class='ocrx_word' id='word_1_96' title='bbox 1129 1747 1245 1794; x_wconf 91' lang='lat' dir='ltr'><strong>roma-</strong></span> 
     </span>
     <span class='ocr_line' id='line_1_14' title="bbox 182 1823 1248 1924; baseline 0.007 -28"><span class='ocrx_word' id='word_1_97' title='bbox 182 1852 332 1914; x_wconf 90' lang='lat' dir='ltr'><strong>norum,</strong></span> <span class='ocrx_word' id='word_1_98' title='bbox 355 1826 461 1896; x_wconf 88' lang='lat' dir='ltr'><strong>simul</strong></span> <span class='ocrx_word' id='word_1_99' title='bbox 484 1825 733 1924; x_wconf 90' lang='lat' dir='ltr'><strong>desperatione</strong></span> <span class='ocrx_word' id='word_1_100' title='bbox 758 1823 846 1896; x_wconf 87' lang='lat' dir='ltr'><strong>alia⁵</strong></span> <span class='ocrx_word' id='word_1_101' title='bbox 868 1826 1007 1913; x_wconf 89' lang='lat' dir='ltr'><strong>salutis,</strong></span> <span class='ocrx_word' id='word_1_102' title='bbox 1030 1830 1135 1900; x_wconf 91' lang='lat' dir='ltr'><strong>simul</strong></span> <span class='ocrx_word' id='word_1_103' title='bbox 1156 1833 1248 1903; x_wconf 91' lang='lat' dir='ltr'><strong>indi·</strong></span> 
     </span>
     <span class='ocr_line' id='line_1_15' title="bbox 181 1935 1246 2037; baseline 0.006 -29"><span class='ocrx_word' id='word_1_104' title='bbox 181 1940 340 2034; x_wconf 87' lang='lat' dir='ltr'><strong>gnitate,</strong></span> <span class='ocrx_word' id='word_1_105' title='bbox 372 1937 531 2009; x_wconf 87' lang='lat' dir='ltr'><strong>irritavit.</strong></span> <span class='ocrx_word' id='word_1_106' title='bbox 563 1935 816 2033; x_wconf 86' lang='lat' dir='ltr'><strong>Redintegrata</strong></span> <span class='ocrx_word' id='word_1_107' title='bbox 846 1937 884 2006; x_wconf 91' lang='lat' dir='ltr'><strong>in</strong></span> <span class='ocrx_word' id='word_1_108' title='bbox 907 1937 1011 2008; x_wconf 89' lang='lat' dir='ltr'><strong>litore</strong></span> <span class='ocrx_word' id='word_1_109' title='bbox 1033 1964 1155 2037; x_wconf 88' lang='lat' dir='ltr'><strong>pugna</strong></span> <span class='ocrx_word' id='word_1_110' title='bbox 1182 1958 1246 2015; x_wconf 85' lang='lat' dir='ltr'><strong>est.</strong></span> 
     </span>
     <span class='ocr_line' id='line_1_16' title="bbox 181 2045 1247 2145; baseline 0.007 -28"><span class='ocrx_word' id='word_1_111' title='bbox 181 2048 361 2144; x_wconf 83' lang='lat' dir='ltr'><strong>Adjuvere</strong></span> <span class='ocrx_word' id='word_1_112' title='bbox 383 2063 438 2135; x_wconf 91' lang='lat' dir='ltr'><strong>et,</strong></span> <span class='ocrx_word' id='word_1_113' title='bbox 458 2048 522 2145; x_wconf 91' lang='lat' dir='ltr'><strong>qui</strong></span> <span class='ocrx_word' id='word_1_114' title='bbox 546 2048 584 2117; x_wconf 91' lang='lat' dir='ltr'><strong>in</strong></span> <span class='ocrx_word' id='word_1_115' title='bbox 607 2045 759 2117; x_wconf 91' lang='lat' dir='ltr'><strong>navibus</strong></span> <span class='ocrx_word' id='word_1_116' title='bbox 782 2061 894 2117; x_wconf 86' lang='lat' dir='ltr'><strong>erant.</strong></span> <span class='ocrx_word' id='word_1_117' title='bbox 924 2046 1247 2124; x_wconf 86' lang='lat' dir='ltr'><strong>Ibi-Macedonum</strong></span> 
     </span>
     <span class='ocr_line' id='line_1_17' title="bbox 181 2154 1283 2262; baseline 0.005 -34"><span class='ocrx_word' id='word_1_118' title='bbox 181 2154 460 2229; x_wconf 84' lang='lat' dir='ltr'><strong>ducentiferme</strong></span> <span class='ocrx_word' id='word_1_119' title='bbox 480 2157 579 2244; x_wconf 80' lang='lat' dir='ltr'><strong>caesi3</strong></span> <span class='ocrx_word' id='word_1_120' title='bbox 603 2181 668 2253; x_wconf 89' lang='lat' dir='ltr'><strong>par</strong></span> <span class='ocrx_word' id='word_1_121' title='bbox 688 2181 861 2228; x_wconf 90' lang='lat' dir='ltr'><strong>numerus</strong></span> <span class='ocrx_word' id='word_1_122' title='bbox 881 2173 1016 2255; x_wconf 89' lang='lat' dir='ltr'><strong>captus.</strong></span> <span class='ocrx_word' id='word_1_123' title='bbox 1033 2159 1088 2230; x_wconf 83' lang='lat' dir='ltr'><strong>Ab</strong></span> <span class='ocrx_word' id='word_1_124' title='bbox 1104 2165 1248 2262; x_wconf 82' lang='lat' dir='ltr'><strong>Antigo-</strong></span> <span class='ocrx_word' id='word_1_125' title='bbox 1280 2200 1283 2206; x_wconf 91' lang='lat'>·</span> 
     </span>
     <span class='ocr_line' id='line_1_18' title="bbox 181 2265 1247 2365; baseline 0.008 -27"><span class='ocrx_word' id='word_1_126' title='bbox 181 2294 249 2340; x_wconf 90' lang='lat' dir='ltr'><strong>nea</strong></span> <span class='ocrx_word' id='word_1_127' title='bbox 271 2268 389 2339; x_wconf 89' lang='lat' dir='ltr'><strong>classis</strong></span> <span class='ocrx_word' id='word_1_128' title='bbox 411 2265 588 2365; x_wconf 85' lang='lat' dir='ltr'><strong>profecta,</strong></span> <span class='ocrx_word' id='word_1_129' title='bbox 608 2268 653 2338; x_wconf 93' lang='lat' dir='ltr'><strong>ad</strong></span> <span class='ocrx_word' id='word_1_130' title='bbox 680 2292 805 2364; x_wconf 89' lang='lat' dir='ltr'><strong>agrum</strong></span> <span class='ocrx_word' id='word_1_131' title='bbox 826 2268 1072 2341; x_wconf 88' lang='lat' dir='ltr'><strong>Pallenensem</strong></span> <span class='ocrx_word' id='word_1_132' title='bbox 1100 2297 1247 2345; x_wconf 88' lang='lat' dir='ltr'><strong>exscen-</strong></span> 
     </span>
     <span class='ocr_line' id='line_1_19' title="bbox 181 2375 1249 2477; baseline 0.007 -29"><span class='ocrx_word' id='word_1_133' title='bbox 181 2379 320 2448; x_wconf 91' lang='lat' dir='ltr'><strong>sionem</strong></span> <span class='ocrx_word' id='word_1_134' title='bbox 342 2377 386 2448; x_wconf 90' lang='lat' dir='ltr'><strong>ad</strong></span> <span class='ocrx_word' id='word_1_135' title='bbox 408 2377 657 2476; x_wconf 92' lang='lat' dir='ltr'><strong>populandum</strong></span> <span class='ocrx_word' id='word_1_136' title='bbox 678 2375 772 2449; x_wconf 82' lang='lat' dir='ltr'><strong>fecit.</strong></span> <span class='ocrx_word' id='word_1_137' title='bbox 792 2379 933 2448; x_wconf 86' lang='lat' dir='ltr'><strong>Finium</strong></span> <span class='ocrx_word' id='word_1_138' title='bbox 953 2381 983 2450; x_wconf 90' lang='lat' dir='ltr'><strong>is</strong></span> <span class='ocrx_word' id='word_1_139' title='bbox 1001 2405 1085 2477; x_wconf 90' lang='lat' dir='ltr'><strong>ager</strong></span> <span class='ocrx_word' id='word_1_140' title='bbox 1101 2389 1249 2456; x_wconf 89' lang='lat' dir='ltr'><strong>Cassan-</strong></span> 
     </span>
     <span class='ocr_line' id='line_1_20' title="bbox 182 2486 1249 2591; baseline 0.006 -31"><span class='ocrx_word' id='word_1_141' title='bbox 182 2489 367 2560; x_wconf 87' lang='lat' dir='ltr'><strong>drensium</strong></span> <span class='ocrx_word' id='word_1_142' title='bbox 389 2504 481 2576; x_wconf 89' lang='lat' dir='ltr'><strong>erat,</strong></span> <span class='ocrx_word' id='word_1_143' title='bbox 504 2488 611 2586; x_wconf 89' lang='lat' dir='ltr'><strong>longe</strong></span> <span class='ocrx_word' id='word_1_144' title='bbox 632 2486 869 2560; x_wconf 84' lang='lat' dir='ltr'><strong>fertilissimus</strong></span> <span class='ocrx_word' id='word_1_145' title='bbox 891 2490 1009 2560; x_wconf 89' lang='lat' dir='ltr'><strong>omnis</strong></span> <span class='ocrx_word' id='word_1_146' title='bbox 1031 2516 1120 2578; x_wconf 84' lang='lat' dir='ltr'><strong>orae,</strong></span> <span class='ocrx_word' id='word_1_147' title='bbox 1139 2519 1249 2591; x_wconf 90' lang='lat' dir='ltr'><strong>quam</strong></span> 
     </span>
     <span class='ocr_line' id='line_1_21' title="bbox 181 2596 1249 2699; baseline 0.007 -30"><span class='ocrx_word' id='word_1_148' title='bbox 181 2599 402 2696; x_wconf 85' lang='lat' dir='ltr'><strong>praetervecti</strong></span> <span class='ocrx_word' id='word_1_149' title='bbox 427 2596 581 2668; x_wconf 85' lang='lat' dir='ltr'><strong>fuerant.</strong></span> <span class='ocrx_word' id='word_1_150' title='bbox 610 2597 664 2668; x_wconf 93' lang='lat' dir='ltr'><strong>Ibi</strong></span> <span class='ocrx_word' id='word_1_151' title='bbox 687 2603 868 2670; x_wconf 88' lang='lat' dir='ltr'><strong>Eumenes</strong></span> <span class='ocrx_word' id='word_1_152' title='bbox 888 2624 975 2685; x_wconf 73' lang='lat' dir='ltr'><strong>res,</strong></span> <span class='ocrx_word' id='word_1_153' title='bbox 998 2602 1125 2699; x_wconf 90' lang='lat' dir='ltr'><strong>viginti</strong></span> <span class='ocrx_word' id='word_1_154' title='bbox 1146 2607 1249 2677; x_wconf 88' lang='lat' dir='ltr'><strong>tectis</strong></span> 
     </span>
     <span class='ocr_line' id='line_1_22' title="bbox 183 2705 1249 2811; baseline 0.009 -33"><span class='ocrx_word' id='word_1_155' title='bbox 183 2705 353 2780; x_wconf 80' lang='lat' dir='ltr'><strong>navibus⁶</strong></span> <span class='ocrx_word' id='word_1_156' title='bbox 375 2708 420 2780; x_wconf 94' lang='lat' dir='ltr'><strong>ab</strong></span> <span class='ocrx_word' id='word_1_157' title='bbox 441 2709 524 2780; x_wconf 89' lang='lat' dir='ltr'><strong>Elea</strong></span> <span class='ocrx_word' id='word_1_158' title='bbox 546 2707 747 2806; x_wconf 84' lang='lat' dir='ltr'><strong>profectus,</strong></span> <span class='ocrx_word' id='word_1_159' title='bbox 770 2708 899 2780; x_wconf 92' lang='lat' dir='ltr'><strong>obvius</strong></span> <span class='ocrx_word' id='word_1_160' title='bbox 921 2708 1007 2798; x_wconf 88' lang='lat' dir='ltr'><strong>suit;</strong></span> <span class='ocrx_word' id='word_1_161' title='bbox 1031 2727 1066 2781; x_wconf 88' lang='lat' dir='ltr'><strong>et</strong></span> <span class='ocrx_word' id='word_1_162' title='bbox 1085 2715 1249 2811; x_wconf 90' lang='lat' dir='ltr'><strong>quinque</strong></span> 
     </span>
     <span class='ocr_line' id='line_1_23' title="bbox 181 2821 812 2916; baseline -0.002 -27"><span class='ocrx_word' id='word_1_163' title='bbox 181 2821 294 2890; x_wconf 83' lang='lat' dir='ltr'><strong>missac</strong></span> <span class='ocrx_word' id='word_1_164' title='bbox 309 2844 329 2890; x_wconf 92' lang='lat' dir='ltr'><strong>a</strong></span> <span class='ocrx_word' id='word_1_165' title='bbox 342 2821 466 2890; x_wconf 91' lang='lat' dir='ltr'><strong>Prusia</strong></span> <span class='ocrx_word' id='word_1_166' title='bbox 479 2845 563 2916; x_wconf 87' lang='lat' dir='ltr'><strong>rege</strong></span> <span class='ocrx_word' id='word_1_167' title='bbox 579 2834 678 2891; x_wconf 87' lang='lat' dir='ltr'><strong>tectae</strong></span> <span class='ocrx_word' id='word_1_168' title='bbox 693 2844 812 2891; x_wconf 89' lang='lat' dir='ltr'><strong>naves.</strong></span> 
     </span>
    </p>

    <p class='ocr_par' dir='ltr' id='par_1_2' title="bbox 180 2931 1285 3357">
     <span class='ocr_line' id='line_1_24' title="bbox 226 2931 1247 3028; baseline 0.002 -28"><span class='ocrx_word' id='word_1_169' title='bbox 226 2935 287 3000; x_wconf 90' lang='lat' dir='ltr'><strong>XI.</strong></span> <span class='ocrx_word' id='word_1_170' title='bbox 313 2937 387 3002; x_wconf 88' lang='lat' dir='ltr'><strong>Hac</strong></span> <span class='ocrx_word' id='word_1_171' title='bbox 406 2931 535 3001; x_wconf 91' lang='lat' dir='ltr'><strong>virium</strong></span> <span class='ocrx_word' id='word_1_172' title='bbox 557 2932 760 3002; x_wconf 89' lang='lat' dir='ltr'><strong>accessione</strong></span> <span class='ocrx_word' id='word_1_173' title='bbox 784 2932 925 3000; x_wconf 90' lang='lat' dir='ltr'><strong>animus</strong></span> <span class='ocrx_word' id='word_1_174' title='bbox 948 2934 1059 3002; x_wconf 85' lang='lat' dir='ltr'><strong>crevit</strong></span> <span class='ocrx_word' id='word_1_175' title='bbox 1081 2936 1247 3028; x_wconf 79' lang='lat' dir='ltr'><strong>praetori,</strong></span> 
     </span>
     <span class='ocr_line' id='line_1_25' title="bbox 180 3029 1248 3137; baseline 0.003 -25"><span class='ocrx_word' id='word_1_176' title='bbox 180 3056 221 3111; x_wconf 91' lang='lat' dir='ltr'><strong>ut</strong></span> <span class='ocrx_word' id='word_1_177' title='bbox 237 3039 493 3112; x_wconf 87' lang='lat' dir='ltr'><strong>Cassandream</strong></span> <span class='ocrx_word' id='word_1_178' title='bbox 512 3029 748 3137; x_wconf 84' lang='lat' dir='ltr'><strong>oppugnaret.</strong></span> <span class='ocrx_word' id='word_1_179' title='bbox 772 3039 926 3110; x_wconf 88' lang='lat' dir='ltr'><strong>Condita</strong></span> <span class='ocrx_word' id='word_1_180' title='bbox 941 3054 995 3109; x_wconf 89' lang='lat' dir='ltr'><strong>est</strong></span> <span class='ocrx_word' id='word_1_181' title='bbox 1011 3066 1031 3111; x_wconf 92' lang='lat' dir='ltr'><strong>a</strong></span> <span class='ocrx_word' id='word_1_182' title='bbox 1048 3030 1248 3115; x_wconf 88' lang='lat' dir='ltr'><strong>Cassandro</strong></span> 
     </span>
     <span class='ocr_line' id='line_1_26' title="bbox 181 3147 1248 3247; baseline 0.003 -28"><span class='ocrx_word' id='word_1_183' title='bbox 181 3162 285 3246; x_wconf 89' lang='lat' dir='ltr'><strong>rege¹</strong></span> <span class='ocrx_word' id='word_1_184' title='bbox 306 3152 343 3220; x_wconf 93' lang='lat' dir='ltr'><strong>in</strong></span> <span class='ocrx_word' id='word_1_185' title='bbox 364 3151 450 3247; x_wconf 92' lang='lat' dir='ltr'><strong>ipsis</strong></span> <span class='ocrx_word' id='word_1_186' title='bbox 473 3147 654 3236; x_wconf 84' lang='lat' dir='ltr'><strong>faucibus,</strong></span> <span class='ocrx_word' id='word_1_187' title='bbox 674 3174 764 3246; x_wconf 64' lang='lat' dir='ltr'><strong>quae⁴</strong></span> <span class='ocrx_word' id='word_1_188' title='bbox 776 3148 1023 3220; x_wconf 84' lang='lat' dir='ltr'><strong>Pallenensem</strong></span> <span class='ocrx_word' id='word_1_189' title='bbox 1041 3173 1165 3245; x_wconf 87' lang='lat' dir='ltr'><strong>agrum</strong></span> <span class='ocrx_word' id='word_1_190' title='bbox 1179 3175 1248 3222; x_wconf 90' lang='lat' dir='ltr'><strong>cae-</strong></span> 
     </span>
     <span class='ocr_line' id='line_1_27' title="bbox 180 3258 1285 3357; baseline 0.003 -28"><span class='ocrx_word' id='word_1_191' title='bbox 180 3273 263 3330; x_wconf 82' lang='lat' dir='ltr'><strong>teme</strong></span> <span class='ocrx_word' id='word_1_192' title='bbox 277 3260 496 3332; x_wconf 85' lang='lat' dir='ltr'><strong>Macedoniae</strong></span> <span class='ocrx_word' id='word_1_193' title='bbox 508 3260 685 3357; x_wconf 89' lang='lat' dir='ltr'><strong>jungunt,</strong></span> <span class='ocrx_word' id='word_1_194' title='bbox 705 3260 791 3331; x_wconf 91' lang='lat' dir='ltr'><strong>hinc</strong></span> <span class='ocrx_word' id='word_1_195' title='bbox 804 3259 1024 3348; x_wconf 91' lang='lat' dir='ltr'><strong>Toronaico,</strong></span> <span class='ocrx_word' id='word_1_196' title='bbox 1039 3258 1125 3330; x_wconf 92' lang='lat' dir='ltr'><strong>hinc</strong></span> <span class='ocrx_word' id='word_1_197' title='bbox 1139 3265 1249 3334; x_wconf 86' lang='lat' dir='ltr'><strong>Mace·</strong></span> <span class='ocrx_word' id='word_1_198' title='bbox 1282 3315 1285 3322; x_wconf 82' lang='lat'><strong>.</strong></span> 
     </span>
    </p>
   </div>
   <div class='ocr_carea' id='block_1_2' title="bbox 176 3481 1248 4180">
    <p class='ocr_par' dir='ltr' id='par_1_3' title="bbox 176 3481 1248 3866">
     <span class='ocr_line' id='line_1_28' title="bbox 215 3481 1246 3552; baseline 0 -18"><span class='ocrx_word' id='word_1_199' title='bbox 215 3485 321 3542; x_wconf 44' lang='lat' dir='ltr'><strong>abacis</strong></span> <span class='ocrx_word' id='word_1_200' title='bbox 331 3497 449 3534; x_wconf 80' lang='lat' dir='ltr'><strong>tormento</strong></span> <span class='ocrx_word' id='word_1_201' title='bbox 458 3485 617 3534; x_wconf 80' lang='lat' dir='ltr'><strong>emicantibus</strong></span> <span class='ocrx_word' id='word_1_202' title='bbox 626 3486 692 3552; x_wconf 85' lang='lat' dir='ltr'><strong>(pro-</strong></span> <span class='ocrx_word' id='word_1_203' title='bbox 735 3485 837 3534; x_wconf 85' lang='lat' dir='ltr'><strong>AEuiam</strong></span> <span class='ocrx_word' id='word_1_204' title='bbox 855 3484 926 3540; x_wconf 79' lang='lat' dir='ltr'><strong>inde,</strong></span> <span class='ocrx_word' id='word_1_205' title='bbox 939 3495 986 3532; x_wconf 88' lang='lat' dir='ltr'><strong>etc.</strong></span> <span class='ocrx_word' id='word_1_206' title='bbox 1001 3485 1051 3533; x_wconf 88' lang='lat' dir='ltr'><strong>vid.</strong></span> <span class='ocrx_word' id='word_1_207' title='bbox 1068 3488 1127 3545; x_wconf 88' lang='lat' dir='ltr'><strong>XL,</strong></span> <span class='ocrx_word' id='word_1_208' title='bbox 1139 3493 1169 3546; x_wconf 90' lang='grc'><strong>4,</strong></span> <span class='ocrx_word' id='word_1_209' title='bbox 1180 3503 1206 3534; x_wconf 90' lang='lat' dir='ltr'><strong>n.</strong></span> <span class='ocrx_word' id='word_1_210' title='bbox 1221 3481 1246 3542; x_wconf 74' lang='grc'><strong>4.</strong></span> 
     </span>
     <span class='ocr_line' id='line_1_29' title="bbox 179 3562 1247 3631; baseline -0.001 -18"><span class='ocrx_word' id='word_1_211' title='bbox 179 3565 316 3614; x_wconf 72' lang='lat' dir='ltr'><strong>sitientibus</strong></span> <span class='ocrx_word' id='word_1_212' title='bbox 325 3601 332 3622; x_wconf 90' lang='lat'><strong>,</strong></span> <span class='ocrx_word' id='word_1_213' title='bbox 341 3577 369 3613; x_wconf 87' lang='lat' dir='ltr'><strong>ut</strong></span> <span class='ocrx_word' id='word_1_214' title='bbox 379 3583 432 3630; x_wconf 89' lang='lat' dir='ltr'><strong>cap.</strong></span> <span class='ocrx_word' id='word_1_215' title='bbox 443 3567 484 3624; x_wconf 82' lang='lat'><strong>33,</strong></span> <span class='ocrx_word' id='word_1_216' title='bbox 493 3584 518 3615; x_wconf 86' lang='lat' dir='ltr'><strong>n.</strong></span> <span class='ocrx_word' id='word_1_217' title='bbox 535 3583 557 3625; x_wconf 90' lang='lat'><strong>1,</strong></span> <span class='ocrx_word' id='word_1_218' title='bbox 566 3566 591 3614; x_wconf 91' lang='lat' dir='ltr'><strong>b.</strong></span> <span class='ocrx_word' id='word_1_219' title='bbox 603 3583 623 3614; x_wconf 86' lang='lat' dir='ltr'><strong>e.</strong></span> <span class='ocrx_word' id='word_1_220' title='bbox 633 3583 691 3631; x_wconf 90' lang='lat' dir='ltr'><strong>pro·</strong></span> <span class='ocrx_word' id='word_1_221' title='bbox 772 3564 795 3612; x_wconf 89' lang='lat'><strong>5.</strong></span> <span class='ocrx_word' id='word_1_222' title='bbox 805 3562 982 3628; x_wconf 80' lang='lat' dir='ltr'><strong>Desperatione</strong></span> <span class='ocrx_word' id='word_1_223' title='bbox 990 3563 1058 3622; x_wconf 75' lang='lat' dir='ltr'><strong>alita,</strong></span> <span class='ocrx_word' id='word_1_224' title='bbox 1072 3565 1118 3612; x_wconf 85' lang='lat' dir='ltr'><strong>alla</strong></span> <span class='ocrx_word' id='word_1_225' title='bbox 1132 3581 1174 3628; x_wconf 87' lang='lat' dir='ltr'><strong>spe</strong></span> <span class='ocrx_word' id='word_1_226' title='bbox 1185 3581 1247 3629; x_wconf 76' lang='lat' dir='ltr'><strong>prte-</strong></span> 
     </span>
     <span class='ocr_line' id='line_1_30' title="bbox 176 3643 792 3709; baseline -0.003 -17"><span class='ocrx_word' id='word_1_227' title='bbox 176 3643 256 3708; x_wconf 83' lang='lat' dir='ltr'><strong>jcctIs)</strong></span> <span class='ocrx_word' id='word_1_228' title='bbox 266 3643 569 3708; x_wconf 60' lang='lat' dir='ltr'><strong>percutiebantur,⁴immo</strong></span> <span class='ocrx_word' id='word_1_229' title='bbox 580 3657 691 3709; x_wconf 83' lang='lat' dir='ltr'><strong>percute·</strong></span> <span class='ocrx_word' id='word_1_230' title='bbox 735 3644 792 3691; x_wconf 82' lang='lat' dir='ltr'><strong>cisa.</strong></span> 
     </span>
     <span class='ocr_line' id='line_1_31' title="bbox 179 3720 1248 3788; baseline -0.003 -18"><span class='ocrx_word' id='word_1_231' title='bbox 179 3724 277 3781; x_wconf 59' lang='lat' dir='ltr'><strong>rentum</strong></span> <span class='ocrx_word' id='word_1_232' title='bbox 287 3725 384 3774; x_wconf 81' lang='lat' dir='ltr'><strong>Crever.</strong></span> <span class='ocrx_word' id='word_1_233' title='bbox 394 3724 571 3788; x_wconf 85' lang='lat' dir='ltr'><strong>-angatum</strong></span> <span class='ocrx_word' id='word_1_234' title='bbox 580 3724 689 3772; x_wconf 82' lang='lat' dir='ltr'><strong>defendit</strong></span> <span class='ocrx_word' id='word_1_235' title='bbox 771 3723 797 3770; x_wconf 82' lang='lat'><strong>6.</strong></span> <span class='ocrx_word' id='word_1_236' title='bbox 814 3721 890 3769; x_wconf 83' lang='lat' dir='ltr'><strong>Tectis</strong></span> <span class='ocrx_word' id='word_1_237' title='bbox 907 3721 1022 3777; x_wconf 53' lang='lat' dir='ltr'><strong>navitae</strong></span> <span class='ocrx_word' id='word_1_238' title='bbox 1039 3720 1094 3768; x_wconf 85' lang='lat' dir='ltr'><strong>vlde</strong></span> <span class='ocrx_word' id='word_1_239' title='bbox 1113 3721 1145 3768; x_wconf 85' lang='lat' dir='ltr'><strong>ad</strong></span> <span class='ocrx_word' id='word_1_240' title='bbox 1156 3724 1183 3778; x_wconf 91' lang='lat' dir='ltr'><strong>I,</strong></span> <span class='ocrx_word' id='word_1_241' title='bbox 1200 3730 1248 3780; x_wconf 75' lang='lat'><strong>14,</strong></span> 
     </span>
     <span class='ocr_line' id='line_1_32' title="bbox 178 3795 1085 3866; baseline -0.004 -16"><span class='ocrx_word' id='word_1_242' title='bbox 178 3803 276 3851; x_wconf 87' lang='lat' dir='ltr'><strong>Walcb.</strong></span> <span class='ocrx_word' id='word_1_243' title='bbox 291 3795 395 3851; x_wconf 81' lang='lat' dir='ltr'><strong>Emend.</strong></span> <span class='ocrx_word' id='word_1_244' title='bbox 408 3803 460 3850; x_wconf 89' lang='lat' dir='ltr'><strong>Liv.</strong></span> <span class='ocrx_word' id='word_1_245' title='bbox 475 3819 531 3866; x_wconf 83' lang='lat' dir='ltr'><strong>pag.</strong></span> <span class='ocrx_word' id='word_1_246' title='bbox 553 3805 616 3860; x_wconf 72' lang='lat'><strong>184,</strong></span> <span class='ocrx_word' id='word_1_247' title='bbox 632 3803 689 3851; x_wconf 90' lang='lat' dir='ltr'><strong>coll.</strong></span> <span class='ocrx_word' id='word_1_248' title='bbox 734 3819 758 3850; x_wconf 88' lang='lat' dir='ltr'><strong>n.</strong></span> <span class='ocrx_word' id='word_1_249' title='bbox 774 3810 805 3862; x_wconf 91' lang='grc'><strong>4,</strong></span> <span class='ocrx_word' id='word_1_250' title='bbox 818 3812 843 3849; x_wconf 89' lang='lat' dir='ltr'><strong>et</strong></span> <span class='ocrx_word' id='word_1_251' title='bbox 853 3803 946 3858; x_wconf 88' lang='lat' dir='ltr'><strong>XXII,</strong></span> <span class='ocrx_word' id='word_1_252' title='bbox 962 3815 1009 3861; x_wconf 83' lang='lat'><strong>19,</strong></span> <span class='ocrx_word' id='word_1_253' title='bbox 1023 3815 1047 3860; x_wconf 67' lang='lat'><strong>¹¹,-</strong></span> <span class='ocrx_word' id='word_1_254' title='bbox 1062 3805 1085 3852; x_wconf 79' lang='lat' dir='ltr'><strong>l.</strong></span> 
     </span>
    </p>

    <p class='ocr_par' dir='ltr' id='par_1_4' title="bbox 177 3877 1247 4180">
     <span class='ocr_line' id='line_1_33' title="bbox 178 3877 1247 3945; baseline 0 -18"><span class='ocrx_word' id='word_1_255' title='bbox 178 3881 287 3940; x_wconf 84' lang='lat' dir='ltr'><strong>Nostro,</strong></span> <span class='ocrx_word' id='word_1_256' title='bbox 307 3883 390 3940; x_wconf 85' lang='lat' dir='ltr'><strong>XXV,</strong></span> <span class='ocrx_word' id='word_1_257' title='bbox 410 3888 459 3939; x_wconf 65' lang='lat'><strong>243</strong></span> <span class='ocrx_word' id='word_1_258' title='bbox 481 3881 612 3939; x_wconf 83' lang='lat' dir='ltr'><strong>Sallustio,</strong></span> <span class='ocrx_word' id='word_1_259' title='bbox 632 3886 689 3945; x_wconf 84' lang='lat' dir='ltr'><strong>Jug.</strong></span> <span class='ocrx_word' id='word_1_260' title='bbox 770 3878 829 3930; x_wconf 68' lang='lat' dir='ltr'><strong>Car.</strong></span> <span class='ocrx_word' id='word_1_261' title='bbox 841 3882 887 3927; x_wconf 87' lang='lat' dir='ltr'><strong>XI.</strong></span> <span class='ocrx_word' id='word_1_262' title='bbox 901 3894 922 3924; x_wconf 89' lang='lat'><strong>1.</strong></span> <span class='ocrx_word' id='word_1_263' title='bbox 937 3877 1042 3925; x_wconf 83' lang='lat' dir='ltr'><strong>Condita</strong></span> <span class='ocrx_word' id='word_1_264' title='bbox 1053 3889 1087 3924; x_wconf 79' lang='lat' dir='ltr'><strong>cst</strong></span> <span class='ocrx_word' id='word_1_265' title='bbox 1098 3877 1247 3927; x_wconf 83' lang='lat' dir='ltr'><strong>Cassandrea</strong></span> 
     </span>
     <span class='ocr_line' id='line_1_34' title="bbox 178 3956 1246 4025; baseline -0.001 -18"><span class='ocrx_word' id='word_1_266' title='bbox 178 3976 233 4024; x_wconf 77' lang='lat' dir='ltr'><strong>esp.</strong></span> <span class='ocrx_word' id='word_1_267' title='bbox 245 3962 292 4019; x_wconf 74' lang='lat'><strong>503</strong></span> <span class='ocrx_word' id='word_1_268' title='bbox 309 3971 333 4008; x_wconf 84' lang='lat' dir='ltr'><strong>ct</strong></span> <span class='ocrx_word' id='word_1_269' title='bbox 342 3963 436 4024; x_wconf 82' lang='lat' dir='ltr'><strong>Frugm.</strong></span> <span class='ocrx_word' id='word_1_270' title='bbox 449 3960 513 4007; x_wconf 87' lang='lat' dir='ltr'><strong>Hist.</strong></span> <span class='ocrx_word' id='word_1_271' title='bbox 527 3961 568 4017; x_wconf 91' lang='lat' dir='ltr'><strong>II,</strong></span> <span class='ocrx_word' id='word_1_272' title='bbox 586 3977 610 4025; x_wconf 90' lang='lat' dir='ltr'><strong>p.</strong></span> <span class='ocrx_word' id='word_1_273' title='bbox 623 3963 689 4024; x_wconf 83' lang='lat'><strong>960;</strong></span> <span class='ocrx_word' id='word_1_274' title='bbox 735 3979 751 4008; x_wconf 86' lang='lat' dir='ltr'><strong>a</strong></span> <span class='ocrx_word' id='word_1_275' title='bbox 768 3959 906 4009; x_wconf 83' lang='lat' dir='ltr'><strong>Cassandro</strong></span> <span class='ocrx_word' id='word_1_276' title='bbox 919 3967 1045 4023; x_wconf 81' lang='lat' dir='ltr'><strong>rege‚·etc.</strong></span> <span class='ocrx_word' id='word_1_277' title='bbox 1060 3956 1111 4005; x_wconf 89' lang='lat' dir='ltr'><strong>vid.</strong></span> <span class='ocrx_word' id='word_1_278' title='bbox 1120 3959 1246 4016; x_wconf 82' lang='lat' dir='ltr'><strong>XXVIII,</strong></span> 
     </span>
     <span class='ocr_line' id='line_1_35' title="bbox 178 4035 1245 4108; baseline -0.003 -22"><span class='ocrx_word' id='word_1_279' title='bbox 178 4055 283 4102; x_wconf 88' lang='lat' dir='ltr'><strong>quorum</strong></span> <span class='ocrx_word' id='word_1_280' title='bbox 300 4040 409 4104; x_wconf 73' lang='lat' dir='ltr'><strong>exempla</strong></span> <span class='ocrx_word' id='word_1_281' title='bbox 421 4039 527 4103; x_wconf 85' lang='lat' dir='ltr'><strong>probant</strong></span> <span class='ocrx_word' id='word_1_282' title='bbox 545 4054 596 4086; x_wconf 88' lang='lat' dir='ltr'><strong>non</strong></span> <span class='ocrx_word' id='word_1_283' title='bbox 608 4056 689 4089; x_wconf 80' lang='lat' dir='ltr'><strong>neces·</strong></span> <span class='ocrx_word' id='word_1_284' title='bbox 736 4043 764 4100; x_wconf 89' lang='grc'><strong>8,</strong></span> <span class='ocrx_word' id='word_1_285' title='bbox 774 4057 801 4087; x_wconf 90' lang='lat' dir='ltr'><strong>n.</strong></span> <span class='ocrx_word' id='word_1_286' title='bbox 818 4041 842 4087; x_wconf 87' lang='lat'><strong>8.</strong></span> <span class='ocrx_word' id='word_1_287' title='bbox 853 4066 888 4075; x_wconf 91' lang='lat'>-</span> <span class='ocrx_word' id='word_1_288' title='bbox 902 4035 1037 4094; x_wconf 78' lang='lat' dir='ltr'><strong>Toronaico</strong></span> <span class='ocrx_word' id='word_1_289' title='bbox 1051 4036 1116 4086; x_wconf 79' lang='lat' dir='ltr'><strong>mari</strong></span> <span class='ocrx_word' id='word_1_290' title='bbox 1122 4055 1133 4093; x_wconf 91' lang='lat'><strong>,·</strong></span> <span class='ocrx_word' id='word_1_291' title='bbox 1145 4037 1245 4108; x_wconf 66' lang='lat' dir='ltr'><strong>vident</strong></span> 
     </span>
     <span class='ocr_line' id='line_1_36' title="bbox 177 4116 1245 4180; baseline -0.001 -16"><span class='ocrx_word' id='word_1_292' title='bbox 177 4118 267 4166; x_wconf 79' lang='lat' dir='ltr'><strong>sarium</strong></span> <span class='ocrx_word' id='word_1_293' title='bbox 287 4119 351 4168; x_wconf 75' lang='lat' dir='ltr'><strong>h..l.</strong></span> <span class='ocrx_word' id='word_1_294' title='bbox 374 4118 568 4179; x_wconf 82' lang='lat' dir='ltr'><strong>subjunctivum.</strong></span> <span class='ocrx_word' id='word_1_295' title='bbox 589 4119 635 4166; x_wconf 86' lang='lat' dir='ltr'><strong>En.</strong></span> <span class='ocrx_word' id='word_1_296' title='bbox 656 4145 690 4156; x_wconf 85' lang='lat'>-</span> <span class='ocrx_word' id='word_1_297' title='bbox 734 4121 862 4180; x_wconf 85' lang='lat' dir='ltr'><strong>XXVIII,</strong></span> <span class='ocrx_word' id='word_1_298' title='bbox 887 4134 911 4178; x_wconf 83' lang='lat'><strong>7,</strong></span> <span class='ocrx_word' id='word_1_299' title='bbox 933 4133 959 4164; x_wconf 88' lang='lat' dir='ltr'><strong>n.</strong></span> <span class='ocrx_word' id='word_1_300' title='bbox 982 4117 1009 4165; x_wconf 85' lang='lat'><strong>6.</strong></span> <span class='ocrx_word' id='word_1_301' title='bbox 1029 4143 1063 4170; x_wconf 81' lang='grc'><strong>-,</strong></span> <span class='ocrx_word' id='word_1_302' title='bbox 1085 4116 1245 4164; x_wconf 81' lang='lat' dir='ltr'><strong>Macedonico</strong></span> 
     </span>
    </p>
   </div>
   <div class='ocr_carea' id='block_1_3' title="bbox 0 0 1496 4706">
    <p class='ocr_par' dir='ltr' id='par_1_5' title="bbox 0 0 1496 4706">
     <span class='ocr_line' id='line_1_37' title="bbox 0 0 1496 4706; baseline 0 1"><span class='ocrx_word' id='word_1_303' title='bbox 0 0 1496 4706; x_wconf 95' lang='lat' dir='ltr'><strong> </strong></span> 
     </span>
    </p>
   </div>
  </div>
 </body>
</html>
