2970 4712
650 365 713 460 ¹r.
747 365 887 444 nivii

601 592 745 658 LIBRI
777 592 953 658 CXVIII.

293 783 474 854 Adversus
489 782 736 854 interfectores
753 788 793 854 C.
810 785 956 855 Caesaris
971 785 1152 858 ultoribus
1166 813 1312 859 manum

249 917 461 990 comparans
478 892 653 964 concibat.

306 1031 422 1079 Priscian.
435 1031 542 1078 Gramm.
554 1029 598 1078 lih.
609 1031 660 1092 IX,
671 1046 697 1094 p.
708 1031 768 1090 865,
784 1031 827 1078 uhi
841 1031 903 1078 male
918 1031 944 1078 in
956 1032 1019 1081 MSS
1031 1032 1120 1096 legitur
1131 1048 1163 1081 ex
1174 1035 1237 1082 Livii
1252 1035 1310 1083 libro

248 1117 338 1171 XIIX,
354 1125 379 1161 et
390 1116 498 1170 XVIII,
513 1124 537 1160 et
552 1114 669 1161 XCVIII.
680 1114 754 1161 Conf.
770 1115 852 1162 Barth.
862 1117 971 1164 Gratum.
980 1116 1012 1173 V,
1031 1117 1072 1175 35,
1086 1118 1151 1164 etad
1164 1121 1225 1166 Stat.
1235 1117 1312 1165 Theb.

249 1199 293 1255 IV,
312 1199 368 1252 146.

584 1384 733 1452 LIBRI
766 1384 971 1454 CXXVII.

295 1588 481 1679 Quoniam·
506 1587 598 1656 inter
628 1589 830 1682 Augustum
860 1601 896 1656 et
924 1588 1127 1675 Antonium¹
1152 1589 1312 1686 reliquiae
1351 1681 1354 1688 Ι

246 1699 363 1772 adhuc
395 1711 498 1768 erant
525 1696 775 1784 dissensionis,
803 1699 975 1768 Cocceius
1000 1703 1137 1787 Nerva,
1158 1725 1312 1798 proavus

245 1815 370 1882 Nervae
381 1819 393 1895 ,¹
416 1809 479 1904 qui
505 1820 630 1905 postea
653 1806 843 1904 imperavit
868 1812 1010 1895 Romae,
1036 1809 1219 1881 mandavit
1239 1815 1312 1882 Au·

245 1933 368 2017 gusto,
388 1933 430 1987 ut
449 1917 609 1987 mitteret
624 1917 864 2006 Tarracinam,
886 1920 949 2013 qui
970 1916 1016 1988 de
1034 1943 1174 1992 summa
1191 1946 1313 1992 rerum

247 2044 449 2108 tractarent.
478 2031 572 2125 Ergo
595 2021 724 2097 missus
750 2042 804 2097 est
827 2031 1001 2099 Maecenas
1027 2053 1109 2100 oum
1135 2033 1312 2130 Agrippa,

247 2142 311 2237 qui
341 2154 537 2235 utromque
567 2137 763 2209 exercitum
786 2137 890 2232 juxta
904 2137 1144 2211 Brundisium
1172 2141 1210 2210 in
1241 2166 1314 2212 una

248 2266 362 2322 castra
379 2273 462 2320 cum
482 2271 610 2344 magna
629 2247 748 2318 Iaetitia
770 2264 983 2346 coegerunt,
998 2264 1039 2319 ut
1061 2251 1110 2321 ait
1130 2251 1254 2322 Livius
1268 2252 1313 2322 Ii-

247 2361 316 2431 bro
341 2362 514 2430 CXXVII.
542 2357 821 2453 Intelligendum
846 2373 985 2446 autem,
1014 2359 1131 2456 quod,
1161 2364 1313 2433 Fonteio

249 2470 357 2539 misso
384 2469 427 2537 ab
450 2467 624 2553 Antonio,
646 2471 828 2565 Augustus
850 2472 1081 2540 Maecenatem
1106 2485 1143 2541 et
1165 2487 1312 2544 caeteros

250 2579 294 2649 ad
313 2574 481 2649 eumdem
502 2575 623 2647 locum
643 2577 810 2647 emiserit.

221 2771 230 2782 .
303 2721 384 2777 Acro,
400 2716 540 2782 Porphyrio
553 2727 579 2764 et
593 2725 769 2764 commentator
781 2727 851 2764 vetus
867 2717 968 2782 Cruquii
979 2718 1010 2766 ad
1023 2719 1108 2768 Horat.
1121 2721 1169 2768 Sat.
1180 2723 1209 2781 1,
1224 2721 1249 2780 5,
1265 2738 1311 2786 ²9,

250 2802 329 2849 verbis
341 2801 440 2866 paulum
452 2799 610 2848 variantIhos.

585 2996 731 3061 LIBRI
756 2995 978 3065 CXXXVI.

297 3191 434 3266 Eodem
461 3215 556 3262 anno
583 3187 687 3260 ludos
710 3190 885 3263 seculares
907 3196 1024 3264 Caesar
1042 3195 1179 3294 ingenti
1201 3221 1312 3297 appa-

250 3320 329 3376 ratu
346 3301 449 3389 secit3
466 3323 559 3396 quos
578 3300 772 3372 centesimo
790 3325 939 3397 quoque
957 3326 1052 3374 anno
1066 3304 1079 3400 (
1091 3304 1121 3374 is
1135 3306 1232 3376 enim
1248 3322 1315 3379 ter·

249 3414 370 3483 minus
387 3408 522 3503 seculi)
539 3407 619 3478 fieri
636 3431 724 3479 mos.

270 3562 274 3569 ’
301 3550 428 3602 Censorio.
444 3549 473 3596 do
488 3546 534 3594 Die
547 3546 633 3605 natali,
647 3561 700 3611 cap.
713 3563 753 3607 17.
766 3551 861 3596 Horum
873 3549 986 3599 ludorum
1000 3553 1091 3600 mentio
1105 3553 1166 3602 Iacto
1178 3555 1275 3602 videtur
1288 3557 1315 3604 in

250 3633 373 3697 dqierdita
386 3631 451 3695 Epic
467 3630 518 3678 Liv.
534 3629 577 3677 lih.
591 3629 734 3679 CXXXVI.
