2956 4710
305 404 349 476 50
724 404 763 470 T.
796 401 936 472 Ltvll
1209 378 1342 484 iiiiii?

300 527 442 600 tiochus
464 521 673 601 imminebat
697 522 841 620 quidem
859 521 1000 620 AEgypti
1015 545 1125 618 regno
1137 523 1164 603 ⁴,
1186 536 1222 590 et
1238 524 1371 618 pueri-

298 641 385 710 tiam
403 637 518 734 regis,
542 649 578 706 ot
600 634 763 706 inertiam
787 647 948 704 tutorum
971 653 1161 726 spernens,
1184 644 1221 700 et
1245 629 1370 700 ambi·

300 748 418 844 gendo
448 745 493 817 de
523 744 623 816 ¹Coelo
656 745 756 839 Syria
787 763 927 813 causam
959 739 1046 811 belli
1078 764 1115 810 se
1150 738 1368 810 habimrum

300 855 544 941 existimabat,
577 868 834 948 gesturumque
865 852 941 922 sine
972 849 1047 920 ullo
1077 849 1367 947 impodimcnm,

300 966 481 1062 occupatis
501 963 668 1034 Romanis
690 962 727 1030 in
749 959 981 1032 Macedonico
1000 957 1116 1044 bello,
1137 959 1175 1030 id
1195 958 1365 1032 bellum:

299 1091 419 1146 tamon
435 1075 557 1144 omnia
577 1087 613 1143 et
631 1095 696 1169 per
718 1095 802 1142 suos
821 1070 954 1166 legatos
976 1069 1133 1152 senatui,
1154 1085 1189 1140 et
1210 1070 1290 1168 ipse
1309 1071 1366 1142 le·

300 1185 389 1282 gatis
411 1206 536 1254 eorum
568 1181 696 1252 eximie
725 1179 905 1278 pollicitus
927 1193 1012 1250 erat.
1040 1178 1252 1251 Ptolemaeus
1272 1201 1366 1278 pro-

300 1290 380 1391 ptor
398 1308 536 1364 atatem
561 1291 667 1362 alieni
688 1291 795 1360 oborn
818 1304 894 1360 tum
920 1288 1055 1360 arbitrii
1073 1305 1149 1360 erat
1158 1285 1184 1358 ⁵.
1207 1295 1367 1362 Tutores

300 1419 336 1474 et
359 1401 494 1474 bellum
513 1399 683 1472 adversus
701 1398 920 1474 Antiochum
940 1397 1130 1496 parabant,
1152 1425 1227 1496 quo
1245 1401 1364 1472 vindi-

299 1527 421 1583 carent
440 1511 565 1582 Coelen
583 1511 741 1604 Syriam,
765 1523 801 1578 et
817 1506 985 1580 Romanis
1003 1507 1124 1578 omnia
1138 1505 1362 1604 polliceban-

299 1639 357 1692 tur
380 1621 426 1692 ad
448 1618 722 1691 Macedonicum
747 1614 894 1686 bellum.
914 1617 1097 1684 Masinissa
1120 1629 1157 1684 et
1178 1612 1363 1686 frumento

297 1731 444 1826 juvabat
463 1734 662 1816 Romanos,
682 1741 718 1796 et
741 1724 871 1796 auxilia
892 1746 974 1794 cum
994 1723 1190 1820 elephantis
1208 1726 1361 1822 Misage-

299 1861 445 1936 nenque
469 1833 609 1908 filinm⁶
631 1837 771 1906 mittere
795 1832 840 1904 ad
863 1831 999 1904 bellum
1025 1832 1182 1930 parabat.
1203 1836 1362 1906 Consilia

300 1965 420 2020 autem
443 1949 480 2016 in
499 1968 648 2016 omnem
669 1942 849 2014 fortunam
868 1942 919 2014 itu
940 1940 1111 2038 disposita
1127 1941 1307 2014 babebat:
1330 1947 1361 2014 si

261 2083 264 2092 ‘
301 2081 412 2155 penes
428 2061 608 2126 Romanos
625 2054 772 2124 victoria
787 2066 902 2138 esset,
918 2075 998 2122 snas
1013 2075 1162 2148 quoque
1177 2055 1214 2124 in
1228 2055 1358 2126 codem

301 2181 395 2237 statu
412 2188 604 2234 mansuras
625 2187 703 2247 ros,
729 2185 847 2256 neque
870 2159 963 2231 ultra
985 2161 1183 2257 quidquam
1211 2189 1359 2236 moven-

297 2391 397 2454 junctus
406 2389 510 2438 Eumeni
518 2407 543 2438 n.
553 2390 604 2438 vid.
613 2390 760 2448 XXXVIII,
766 2389 808 2450 39.
853 2388 976 2448 XXXIV,
985 2403 1010 2435 a.
1018 2389 1055 2436 De
1064 2389 1138 2437 altera
1147 2390 1303 2454 expeditione
1311 2395 1358 2442 An-

304 2498 338 2506 -—
349 2469 443 2518 Walch.
453 2469 553 2517 Emend.
564 2469 617 2518 Liv.
628 2484 684 2532 pag.
696 2475 743 2528 pt,
756 2467 809 2514 vul·
852 2465 931 2515 tiochi
944 2467 970 2513 in
982 2469 1129 2530 AEgyptum,
1148 2480 1172 2516 et
1186 2468 1217 2518 de
1233 2471 1358 2520 discordiis

305 2561 386 2613 gatmn
400 2548 427 2600 rb
440 2558 475 2595 est
486 2547 607 2605 defendit,
619 2543 686 2610 quod
698 2537 808 2616 deptdtot
831 2541 834 2550 ’
853 2546 1039 2594 Ptolemaeorum
1048 2547 1163 2607 Ιιιιιιιιιιι,
1173 2564 1275 2611 quorum
1284 2553 1358 2612 major

305 2643 357 2676 erte
374 2637 465 2675 mouet.
478 2624 543 2674 Vide
564 2626 597 2674 ed
614 2627 685 2684 XLI,
702 2641 756 2690 cop.
778 2627 809 2684 8,
854 2625 1356 2694 undemiteregnunoutuuinoteperti-

305 2723 332 2754 n.
346 2707 369 2754 3.
383 2707 428 2754 En.
546 2717 549 2724 ·
852 2714 892 2752 tue
900 2715 947 2762 eet,
962 2715 990 2753 ut
1001 2704 1160 2768 Cyrenaicum
1169 2707 1192 2754 ei
1202 2707 1355 2772 relinqueret,

341 2794 365 2840 4.
375 2783 509 2832 Antiochus
522 2783 659 2847 Epiphanes
672 2783 812 2831 imminebat
854 2783 904 2832 vid.
917 2779 964 2832 ini.
978 2784 1055 2844 XLV,
1069 2785 1159 2844 11-133
1173 2786 1237 2850 Epit.
1250 2787 1302 2844 un
1312 2790 1356 2835 Po·

306 2864 405 2929 AEgypti
415 2879 487 2927 regno
498 2857 566 2929 (vide
574 2863 605 2910 ad
614 2864 665 2919 111,
676 2863 706 2910 51
716 2896 723 2921 ‚
732 2878 758 2909 n.
768 2859 809 2926 3),
852 2859 905 2925 tyb.
917 2863 1043 2921 XXVIII,
1057 2879 1096 2924 tp,
1114 2865 1158 2923 183
1170 2863 1270 2924 XXIX,
1288 2881 1312 2924 1,
1325 2869 1355 2927 8,

305 2955 329 2990 et
336 2942 468 3008 pueritiam
478 2941 544 3006 regis
552 2941 677 2991 Ptolemaei
687 2941 809 2989 Philome·
856 2956 903 2997 ιις
916 2942 1007 2998 XXX,
1025 2956 1053 2987 11
1065 2959 1073 3000 ;
1090 2944 1194 3003 XXXI,
1211 2944 1258 3001 18,
1275 2945 1306 2992 25
1320 2963 1353 3008 sq.

303 3023 364 3072 toris
386 3033 409 3068 et
430 3020 542 3068 inertiam
561 3032 668 3069 tutorum
683 3035 810 3084 spernens:
853 3021 972 3081 XXXII,
995 3035 1022 3076 ι,
1040 3022 1168 3083 XXXIII,
1189 3022 1218 3080 5;
1239 3025 1354 3082 XXXIV,

303 3103 346 3166 qui
354 3117 430 3164 quum
440 3101 526 3148 bellum
540 3100 653 3148 adversus
664 3097 810 3147 Antiochum
857 3106 901 3156 143
910 3097 969 3157 XL,
983 3113 1012 3145 ια
1023 3133 1030 3158 ,
1039 3109 1063 3146 et
1071 3101 1151 3164 intpp.
1161 3099 1280 3160 Diodori,
1290 3113 1306 3150 t.
1317 3105 1352 3159 ΙΙ,

299 3188 503 3244 parassenm'uo
512 3177 811 3239 uindicemuooeieesy-
853 3191 879 3242 p.
890 3177 955 3236 583,
968 3177 1008 3226 ed.
1018 3180 1120 3228 Weseel.
1134 3180 1219 3228 Goelert
1228 3182 1318 3246 syrim
1330 3183 1354 3228 in

305 3259 368 3306 riam
397 3258 467 3319 eique
493 3257 631 3321 eriperent,
657 3255 810 3316 Antiochus,
852 3257 936 3305 dotem
954 3259 1075 3322 accepisse
1096 3259 1240 3308 credebatur
1261 3261 1354 3324 Cleopa·

306 3337 389 3384 freude
413 3335 504 3398 magis,
521 3351 593 3398 quam
610 3338 713 3394 virtute,
734 3345 810 3383 totam
854 3345 978 3395 tra,uxor
991 3336 1114 3385 Ptolemaei
1127 3337 1273 3402 Epiphanio,
1283 3350 1353 3386 mater

305 3429 376 3478 pereo
389 3413 520 3476 AEgypmm
537 3424 626 3477 praeter
640 3413 811 3471 Alexandriam
854 3415 957 3464 Ptolem.
977 3413 1149 3464 Philometoiie
1168 3427 1193 3466 et
1210 3413 1354 3482 Phyteonis,

306 3492 470 3558 expugnauitt
485 3492 527 3540 sed
542 3491 726 3556 deprecantibus
742 3494 810 3542 Grae·
854 3491 903 3542 etii
913 3494 1032 3542 Antiochi
1046 3496 1084 3543 Μ.
1104 3506 1129 3543 et
1143 3495 1260 3544 Antioebi
1270 3496 1351 3560 Epiplt.

306 3586 391 3618 corum
410 3569 569 3632 legationibus
586 3571 613 3618 in
625 3586 726 3635 regnum
742 3574 810 3620 resti-
855 3571 1120 3637 soror3quodnegabet
1126 3574 1263 3622 Antiochus
1270 3575 1352 3638 Epipb.

306 3651 352 3698 tuit
366 3646 521 3699 Ptolemaeum
536 3651 658 3714 captivum
667 3685 675 3708 ‚
684 3651 727 3714 qui
739 3667 810 3700 exeo
853 3649 905 3698 vid.
915 3651 1004 3716 Polyb.
1013 3654 1140 3710 XXVIII,
1153 3669 1194 3713 17·

301 3739 413 3793 tempore
433 3729 541 3790 regnavit
554 3728 627 3780 simut
644 3745 699 3778 cum
716 3731 810 3778 minore
890 3731 915 3778 5.
932 3731 1016 3779 Alieni
1033 3731 1129 3780 arbitrii
1151 3744 1218 3792 emt,
1237 3743 1350 3792 tutorum,

305 3808 396 3866 fratre,
418 3805 549 3854 ptolemeo
571 3809 685 3872 Evergete
706 3811 742 3866 11,
768 3823 811 3858 eon
854 3809 954 3858 vidend
972 3813 1022 3870 111,
1038 3812 1354 3875 6a‚u.5.—Quouindi·

305 3886 440 3950 Physcone.
453 3885 494 3934 CI,
507 3888 597 3948 XLIV,
610 3902 659 3948 tp,
669 3889 747 3945 XLV,
765 3903 808 3948 ιι,
854 3901 938 3938 carent
950 3889 1028 3938 Coelen
1041 3890 1137 3954 {iciam
1144 3909 1154 3950 ,·
1165 3891 1234 3940 conf.
1251 3907 1275 3938 n.
1290 3899 1315 3947 t,
1331 3904 1352 3938 et

305 3963 392 4028 Polyb.
402 3965 514 4022 XXVII,
526 3966 706 4026 17‚XXVIII,
719 3964 765 4030 ης
778 3966 808 4012 ι6
851 3967 883 4015 ed
897 3970 998 4029 XXXI,
1009 3978 1051 4032 47,
1060 3987 1086 4019 n.
1100 3985 1122 4016 1.

301 4058 342 4106 eq.
354 4043 456 4091 Diodor.
469 4054 486 4090 t.
499 4045 532 4101 ΙΙ,
541 4060 597 4107 pag.
609 4045 661 4105 579
672 4079 679 4102 ‚
689 4043 728 4092 ed.
738 4045 806 4092 Wet·
886 4049 912 4096 6.
937 4049 1242 4116 ilisagenemque,filium,·
1255 4048 1307 4096 ride
1323 4049 1352 4094 ad

300 4121 343 4168 sel.
367 4122 466 4186 Ioseph.
486 4121 551 4178 XII,
572 4123 597 4183 5,
617 4138 642 4168 n.
663 4137 695 4180 a,
715 4123 806 4187 Justin.
851 4128 1056 4192 Epit.L'1v.1,‚n.
1074 4145 1098 4188 7.
1228 4121 1235 4126 “
