2970 4712
534 406 857 478 FRAGMENTA.
1158 394 1229 490 379
1260 453 1262 460 .

165 531 379 626 eloquentiae
403 529 545 600 auditus
570 527 695 601 fuerat.
721 528 791 594 Vix
816 521 1018 594 attollentes
1040 514 1155 616 [prae]
1176 517 1228 586 la·

166 643 295 737 crymis
311 638 436 712 oculos
452 640 618 711 homines
634 638 767 710 intueri
783 626 1137 706 trucidata-membra
1151 624 1229 720 ejus

165 763 342 847 poterant.

213 850 312 930 Viuit
334 871 405 928 tres
427 873 465 929 et
485 861 666 954 sexaginta
686 881 814 943 annos,
832 868 890 938 nt,
910 855 939 924 si
959 853 1033 936 vis,
1055 847 1227 924 abfuisset

166 990 212 1036 ne
234 967 424 1038 immatura
445 965 592 1062 quidem
622 991 719 1038 mors
746 965 860 1036 videri
884 961 1021 1059 possit:
1042 959 1228 1054 ingenium

166 1089 203 1146 et
225 1075 397 1173 operibus
422 1093 459 1148 et
481 1079 634 1177 praemiis
656 1100 811 1176 operum
836 1072 947 1145 felix:
972 1071 1050 1167 ipse
1074 1066 1229 1144 fortunae

166 1184 228 1256 'diu
253 1211 455 1285 prosperae,
480 1202 516 1259 et
539 1189 577 1258 in
604 1189 714 1284 longo
741 1200 867 1256 tenore
891 1179 1068 1252 felicitatis
1094 1178 1231 1273 magnis

165 1297 310 1367 interim
326 1299 417 1368 ictus
431 1297 663 1384 vulneribus,
681 1296 821 1382 exsilio,
841 1295 945 1363 ruina
964 1289 1141 1388 partium,
1163 1309 1230 1383 pro

35 1487 44 1506 .
166 1406 300 1505 quibus
323 1421 488 1493 steterat,
515 1407 596 1480 filiae
621 1423 758 1493 morte,
783 1406 882 1476 exitu
909 1417 981 1472 tam
1007 1399 1100 1468 tristi
1122 1411 1230 1492 atque

167 1517 309 1588 acerbo.
334 1507 505 1589 Oinnium
527 1518 758 1589 adversorum
783 1514 892 1599 nihil,
919 1525 959 1582 ut
979 1512 1057 1596 yiro
1079 1507 1231 1605 dignum

165 1625 264 1714 erat,
279 1627 362 1697 tulit
378 1643 506 1726 praeter
519 1642 673 1699 mortem
687 1655 696 1715 ;
715 1652 796 1724 quae
809 1649 894 1696 vere
909 1619 1097 1692 aestimanti
1112 1618 1231 1692 minus

166 1736 312 1834 indigna
330 1736 442 1814 videri
462 1741 595 1836 potuit,
616 1738 715 1838 quod
734 1763 754 1807 a
773 1739 906 1806 victore
925 1732 1071 1801 inimico
1088 1726 1139 1796 nil
1153 1750 1231 1799 cru·

167 1845 280 1918 delius
294 1872 419 1945 passus
436 1864 529 1936 erat,
547 1873 655 1946 quam
673 1847 773 1945 quod
789 1843 951 1941 ejusdem
966 1839 1121 1911 fortunae
1135 1860 1231 1907 com-
1327 1849 1337 1862 “

167 1981 235 2054 pos
256 1958 331 2054 ipse
350 1956 500 2030 fecisset.
526 1961 561 2029 Si
582 1961 663 2056 quis
689 1973 810 2028 tamen
829 1949 1024 2025 virtutibus
1039 1949 1123 2018 vitia
1142 1969 1232 2042 pen-

168 2068 276 2153 savit,
290 2069 343 2138 vir
360 2093 531 2166 magnus,
546 2094 638 2156 acer,
656 2064 902 2140 memorabilis
918 2062 1004 2149 fuit,
1021 2060 1111 2131 etin
1129 2057 1232 2151 cujus

165 2176 289 2252 laudes
301 2180 570 2276 persequendas
583 2183 757 2252 Cicerone
772 2173 957 2248 laudatore
971 2196 1063 2270 opus
1079 2169 1198 2241 fuerit.

162 2331 164 2338 ’
219 2317 256 2366 Μ.
265 2317 367 2376 Seneca,
377 2319 538 2374 SuasorNH.
549 2346 582 2358 υ
593 2319 665 2368 Conf.
676 2320 753 2366 Gron.
763 2317 836 2366 Obss.
846 2317 890 2373 IV,
903 2316 944 2373 13,
954 2330 981 2376 p.
996 2313 1055 2359 213.

471 2499 540 2567 AD
569 2498 664 2565 LIB.
700 2497 928 2566 CXXXIII.

193 2737 194 2740 ,
215 2668 336 2742 Livius
351 2666 480 2757 refert,
496 2668 743 2765 Cleopatram,
758 2690 877 2765 quum,
893 2665 938 2736 ab
953 2670 1115 2763 Augusto
1132 2675 1233 2756 capta

168 2776 414 2873 indulgentius
437 2776 481 2847 de
504 2776 678 2848 industria
698 2790 925 2861 tractaretur,
946 2772 1156 2844 idemtidem
1179 2769 1233 2839 di·

169 2910 250 2960 cere
269 2886 430 2956 solitam:
453 2899 489 2948 Οὔ
509 2893 721 2966 tamencum,
738 2890 821 2957 Non
842 2881 1104 2978 triumphabor.

222 3025 305 3070 Acron
314 3058 321 3081 ‚
329 3024 468 3088 Porphyrio
483 3035 506 3072 et
519 3034 695 3078 commentator
705 3037 774 3072 vetus
787 3025 889 3088 Cruquii
902 3024 933 3070 ad
944 3025 1031 3070 Horat.
1044 3021 1092 3070 Od.
1103 3022 1128 3079 I,
1140 3021 1181 3078 37,
1194 3021 1234 3068 30.

170 3134 204 3143 -
215 3109 288 3158 cous.
299 3108 362 3155 Flor.
373 3110 418 3166 IV,
433 3123 462 3158 ιι
473 3118 534 3156 extr.
933 3099 937 3112 ’

171 3319 229 3382 Ill.
248 3321 436 3386 INCER'I'A
459 3321 518 3385 EX
542 3319 698 3403 QUIBUS
721 3323 824 3386 LIVII
847 3323 982 3392 LIBRIS
1007 3319 1235 3386 DESUMPTA

650 3437 760 3503 SINT.
781 3445 784 3450 '

122 3632 126 3642 ’
221 3635 285 3702 Vir
303 3633 436 3729 ingenii
455 3636 576 3731 magni
594 3635 722 3730 magis,
744 3658 853 3731 quam
870 3631 968 3702 boni.

226 3760 329 3817 Seneca,
347 3759 377 3807 de
394 3763 447 3818 Ira,
467 3761 494 3817 Ι,
511 3762 551 3807 16.

221 3880 414 3967 Profiteor,
428 3881 551 3948 mirari
565 3903 640 3966 me,
656 3885 694 3949 T.
708 3880 867 3965 Livium,
883 3895 1065 3950 auctorem
1083 3877 1240 3948 celeber·

172 3993 325 4076 rituum,
344 3992 380 4065 in
401 3989 630 4060 historiarum
655 4014 821 4077 suarum,
841 4014 930 4087 quas
951 3991 1081 4088 repetit
1102 3986 1147 4058 ab
1166 3989 1236 4057 ori-

173 4103 252 4198 gine
270 4101 397 4193 Urbis,
414 4101 572 4199 quodam
588 4101 768 4173 volumine
787 4101 836 4170 sic
856 4126 1022 4172 exorsum
1040 4128 1047 4170 :
1066 4103 1154 4173 Satis
1167 4099 1240 4196 jam
1476 4115 1477 4184 i
