2972 4720
245 345 299 416 ,62
677 345 716 412 T.
749 343 890 418 Ltvtt
1164 325 1291 430 ὓζὲῑξζζζ

203 499 204 502 “
254 467 386 540 Latirm
410 462 578 539 Calendis
606 464 718 542 Juniis
750 462 894 551 fuere²;
921 487 1042 559 eoque
1068 463 1209 537 solenni
1234 491 1315 564 per·

253 575 364 664 fecto,
384 581 423 648 C.
440 575 625 654 Istcretius
640 589 782 671 praetor,
800 571 990 659 omnibus,
1009 599 1089 672 que
1107 575 1154 646 ad
1168 575 1316 658 classem

252 711 348 786 opus
358 699 479 772 erant,
492 685 696 784 premissis,
710 683 941 757 Brundisium
955 699 1010 756 est
1019 681 1213 781 profectus.
1229 691 1318 761 1³2·ae-

254 813 309 871 ter
324 820 385 868 eos
399 795 595 878 exercitus,
611 818 704 890 quos
719 793 885 864 consules
898 793 1171 891 comparabant,
1183 801 1223 868 C.
1238 799 1316 870 Sul·

254 907 350 1005 pinio
369 903 490 976 Galbae
506 905 649 1000 praetori
666 905 852 1001 negotium
868 903 1012 990 danim,
1032 920 1073 976 ut
1090 921 1249 1002 quantor
1263 907 1315 980 le-

253 1018 379 1112 giones
396 1013 567 1092 scriberet
583 1011 738 1087 urbanas
753 1013 852 1108 justo
867 1037 1020 1087 numero
1037 1015 1201 1113 peditum
1217 1019 1316 1114 equi-

254 1141 425 1222 tumque,
443 1125 558 1220 iisque
580 1137 737 1220 quatuor
760 1121 925 1197 tribunos
944 1125 1098 1205 militum
1122 1151 1167 1198 ex
1190 1144 1313 1202 senens

254 1235 407 1334 legeret,
421 1235 485 1330 qui
494 1247 685 1331 preessent
694 1228 726 1320 3;
737 1233 840 1312 sociis
850 1233 950 1314 latini
960 1236 1115 1310 nominis
1124 1236 1317 1334 imperaret

254 1343 459 1443 quindecim
476 1343 588 1416 millia
605 1341 786 1440 peditum,
802 1341 900 1416 mille
920 1359 956 1416 et
975 1343 1150 1424 ducentos
1165 1347 1314 1442 equites.

253 1461 289 1526 Is
302 1447 546 1529 exercitusuti
560 1467 829 1550 parntus‘esset,
842 1479 918 1550 quo
930 1471 1075 1530 senatus
1084 1457 1100 1506 t
1110 1459 1314 1536 censuisset.

254 1573 290 1638 P.
315 1566 452 1636 Licinio
474 1562 615 1636 consuli
636 1557 681 1633 ad
701 1565 896 1635 exercitum
915 1564 1054 1635 civilem
1077 1565 1316 1662 socialemque

253 1677 390 1776 petenti
407 1673 527 1748 addita
542 1672 687 1756 auxilia.
702 1675 877 1769 Ligurum
886 1673 964 1748 duo
975 1673 1110 1760 millia,
1129 1679 1316 1752 Cretenses

253 1786 423 1885 sagittarii
438 1785 620 1878 (incertus
643 1807 832 1870 numerus,
854 1799 1030 1880 quantum
1054 1785 1168 1881 rogati
1188 1785 1317 1858 auxilia

254 1901 441 1972 ¹Cretenses
456 1891 677 1985 misissent),
697 1891 860 1965 Numidae
880 1894 968 1971 item
988 1895 1127 1990 equites
1147 1894 1316 1993 elephan-

255 2007 366 2102 tique.
385 2010 428 2075 In
444 2026 525 2074 eam
539 2026 615 2073 rem
633 2001 738 2100 legati
755 2001 799 2072 ad
818 2005 1036 2078 Masinissam
1054 2003 1316 2102 Carthaginien·

247 2138 386 2210 ,sesque
415 2112 537 2198 missi,
567 2116 607 2182 L.
640 2111 841 2185 Postumius
866 2112 1036 2200 Albinus,
1060 2117 1105 2203 Q.
1131 2116 1315 2192 Terentius

256 2224 405 2311 calleo,
425 2225 463 2293 C.
486 2220 653 2297 Aburius.
677 2217 718 2292 In
745 2226 885 2295 Cretam
909 2225 995 2304 item
1016 2224 1151 2322 legatos
1173 2239 1244 2296 tres
1263 2225 1314 2294 ire

256 2336 408 2434 placuit,
426 2337 466 2404 A.
481 2334 705 2408 Postumium
718 2331 889 2407 Albinum
900 2389 910 2421 ,
920 2338 962 2406 C.
975 2336 1194 2422 Decimium,
1206 2337 1245 2404 A.
1256 2336 1314 2412 11}

256 2448 389 2518 ciuium
407 2446 571 2515 Nervam.

305 2558 467 2628 XXXV-I.
488 2557 554 2626 Per
568 2552 663 2624 idem
679 2568 820 2650 tempus
834 2553 941 2651 legati
955 2551 1000 2624 ab
1016 2576 1101 2649 rege
1118 2555 1246 2624 Perseo
1258 2578 1315 2624 ve·

257 2679 399 2739 nerunt.
415 2669 486 2735 Eos
495 2664 532 2732 in
547 2661 724 2760 oppidum
735 2664 943 2735 intromitti¹
957 2659 1032 2734 non
1045 2663 1192 2760 placuit,
1202 2686 1314 2760 quum

255 2779 327 2873 jam
343 2773 479 2858 bellum
499 2773 575 2872 regi
590 2797 714 2844 eorum
730 2788 767 2844 et
780 2771 1039 2851 Macedonibus
1053 2788 1089 2844 et
1102 2787 1243 2847 senatus
1256 2772 1316 2842 de·

292 3056 318 3086 a.
329 3040 382 3100 Quo
394 3035 514 3084 maturius
528 3033 552 3082 in
561 3032 702 3100 provincias
713 3050 765 3082 ma-
809 3046 864 3093 set,·
878 3034 935 3085 vide
951 3034 983 3082 ad
1003 3035 1118 3094 XXVII,
1132 3051 1180 3094 aa,
1197 3051 1222 3082 n.
1244 3050 1268 3082 2.
1282 3061 1316 3082 e-

256 3119 374 3186 gistratus
383 3114 602 3183 proficiscerentur,
618 3112 702 3163 latinae
713 3113 766 3162 cat.
812 3114 936 3177 Quaenam
946 3113 1029 3180 rogati
1040 3112 1139 3162 artellia
1147 3113 1269 3166 Cretenses
1276 3113 1316 3162 mi·

257 3201 316 3245 lan.
323 3195 411 3256 fisere;
425 3193 482 3240 vide
492 3193 524 3240 ad
533 3195 557 3248 I,
568 3194 600 3248 45
609 3229 617 3254 ,
625 3208 650 3240 n.
661 3208 686 3240 a.
810 3193 895 3245 sissent
901 3212 911 3252 ,·
928 3209 1015 3242 vocem
1034 3191 1143 3250 auxilia,
1153 3203 1180 3248 nt
1193 3193 1316 3242 abundan-

294 3269 603 3335 emmeramensem
618 3269 720 3320 rnilitum
732 3287 765 3320 ex
809 3282 858 3323 tem
873 3288 1014 3337 expunxere
1031 3271 1140 3322 Clericus
1157 3281 1182 3319 et
1201 3271 1273 3320 Crev.
1282 3287 1316 3318 ex

257 3364 342 3403 senatu
353 3347 506 3415 legeret,qui
513 3347 729 3414 inpraesentia
738 3361 766 3397 nt
810 3351 931 3402 Gronovii
953 3350 1080 3400 sententia.
1098 3351 1163 3398 Huic
1180 3365 1238 3398 vero
1261 3365 1316 3408 non

258 3449 272 3479 e
285 3446 329 3478 sex
337 3427 442 3476 mr‘bunis
452 3425 571 3490 militum,
582 3430 625 3492 qui
635 3428 723 3490 cuique
733 3427 767 3476 le·
809 3429 880 3483 aliem
891 3429 924 3478 ob
936 3445 1031 3486 causam
1042 3429 1198 3486 voxaupt'lia
1207 3440 1316 3492 suspects

258 3509 327 3576 pioni
335 3516 455 3572 preerant
463 3504 473 3571 (
481 3505 532 3554 vid.
542 3506 629 3572 Polyh.
639 3508 687 3566 v1,
699 3507 733 3554 25
742 3507 765 3571 )‚
808 3508 882 3559 fuisse
894 3507 998 3568 videtur,
1011 3524 1084 3574 wem
1096 3507 1163 3572 quod
1172 3507 1252 3556 verbis
1261 3523 1317 3572 pro

257 3605 321 3640 unus
334 3597 397 3636 esset
408 3602 439 3633 ex
452 3583 538 3632 ordine
547 3585 678 3635 senatorio.
697 3587 766 3636 Meu·
808 3588 880 3644 simis
892 3587 1113 3651 precesseritvide
1122 3598 1203 3637 autem
1214 3586 1244 3637 tle
1254 3586 1315 3647 ejus·

259 3670 317 3718 dum
336 3682 388 3714 esse
405 3666 432 3712 in
443 3678 565 3722 numero,
582 3674 606 3712 et
621 3664 668 3728 leg.
679 3666 768 3715 XXIV
809 3666 864 3719 dem
875 3666 986 3715 vocabuli
999 3667 1143 3732 repetitione
1156 3665 1277 3724 Drakenb.
1289 3668 1317 3724 t,

259 3748 366 3797 tribunos
384 3745 450 3806 conj.
470 3743 541 3791 Crev.
559 3742 607 3791 Sed
627 3743 660 3791 ita
682 3743 766 3792 Livius
812 3745 860 3814 3,§
875 3747 956 3810 plin.

259 3828 354 3874 nullom
372 3823 455 3890 potius
473 3838 601 3872 numerum
625 3821 765 3886 adjecissem
845 3827 1036 3877 Canssxvl.
1049 3842 1072 3873 r.
1087 3827 1137 3872 Eos
1156 3823 1181 3870 in
1200 3822 1315 3888 oppidum

258 3903 381 3954 Dmlenb.
394 3903 465 3952 Conf.
475 3901 506 3949 ed
516 3902 641 3959 XXXVI,
656 3917 696 3962 17,
705 3918 729 3949 n.
742 3917 765 3961 1,
807 3901 937 3952 intromitti
942 3922 952 3962 ,·
962 3903 1018 3953 vide
1030 3905 1062 3952 ad
1075 3919 1129 3968 nep.
1147 3919 1192 3964 20,
1205 3919 1231 3950 n.
1247 3902 1270 3950 3.
1282 3929 1318 3938 -

209 4003 210 4008 ¹
258 3993 283 4031 et
295 3983 380 4040 xm,
392 3987 440 4042 49,
449 3996 475 4027 n.
487 3981 511 4028 6.
755 3991 757 3994 “
809 3983 902 4034 Bellum
915 3982 968 4049 regi
977 3997 1002 4033 et
1010 3995 1107 4035 senatus
1118 3983 1235 4038 decresset
1243 3992 1267 4036 et
1272 3997 1317 4046 po

296 4069 320 4116 Ι..
335 4062 456 4114 Paratus,
478 4073 525 4122 qno
546 4069 644 4109 senatus
664 4056 766 4108 censuis-
803 4061 1275 4128 putusjussisset;vitnd,1x,ts,n.
1292 4075 1316 4108 1.
