2972 4720
212 373 335 478 tter:
423 362 790 458 maxensis.
822 389 1074 460 κωκυ.
1203 384 1257 481 39
1355 470 1362 476 ,

187 525 364 608 quaereret
394 510 770 606 animadverteretque.
797 512 848 578 Ex
877 509 1088 579 auctoritate
1118 506 1246 580 deinde

187 635 329 693 senatus
353 644 437 708 eam¹
452 622 676 716 rogationem
699 618 982 717 promulgarunt.
1014 619 1248 713 Priusquam

186 728 498 827 proficiscerentur
517 729 700 814 consules,
717 734 754 800 C.
777 728 934 798 Cicereio
957 729 1100 825 praetori
1118 728 1247 824 prioris

186 841 271 914 anni
286 840 331 912 ad
348 839 459 914 eedem
473 840 626 911 Bellonae
640 855 782 910 senatus
796 838 899 909 datus
911 852 973 910 est.
988 841 1037 924 Is,
1057 837 1247 934 expositis,

186 978 275 1048 quas
302 956 341 1028 in
366 953 509 1024 Corsica
536 977 594 1024 res
617 952 807 1048 gessisset,
837 949 1089 1047 postulatoque
1117 944 1247 1018 frustra

185 1061 390 1159 triumpho,
405 1063 444 1132 in
459 1078 585 1132 monte
600 1060 755 1141 Albano,
775 1059 872 1156 quod
886 1060 958 1151 jam
976 1059 1014 1127 in
1027 1081 1167 1133 morem
1185 1083 1246 1146 ve<
1326 1044 1329 1052 ’

185 1185 307 1257 neret,
325 1185 367 1242 ut
384 1172 461 1264 sine
475 1170 621 1268 publica
636 1171 844 1242 auctoritate
862 1167 984 1253 lieret,
1001 1167 1244 1265 triumphavit.

185 1280 420 1374 Rogationem
444 1282 614 1352 Marciam
639 1279 684 1351 de
710 1278 901 1377 Liguribus
918 1302 1049 1375 magno
1069 1302 1246 1348 consensu

185 1387 309 1484 plebes
334 1390 436 1462 scivit
453 1389 639 1485 jussitque.
669 1393 720 1459 Ex
745 1414 791 1460 eo
814 1387 1001 1486 plebiscito
1025 1391 1063 1457 C.
1090 1387 1246 1458 Licinius

185 1514 317 1595 praetor
342 1498 523 1574 consuluit
549 1510 733 1585 senatum,
760 1523 870 1595 quem
891 1521 1053 1595 quaerere
1079 1521 1120 1566 ea
1142 1521 1246 1592 roga·

184 1604 305 1682 tione⁶
324 1608 440 1680 vellet.
462 1612 581 1680 Patres
599 1610 720 1705 ipsum
740 1633 823 1678 eum
842 1632 999 1703 querere
1015 1608 1209 1700 jusserunt.

232 1721 343 1789 XXII.
363 1723 455 1790 Tum
470 1717 618 1788 demum
631 1716 795 1788 eonsules
808 1719 847 1786 in
860 1717 1080 1814 provinciam
1095 1713 1247 1813 profecti

186 1842 289 1913 sunt,
310 1831 580 1924 exercitumque
602 1852 622 1896 a
644 1831 692 1897 Μ.
711 1825 864 1923 Popillio
887 1831 1094 1924 censerunt&
1119 1829 1246 1922 Neque

185 1953 304 2012 tamen
325 1942 372 2008 Μ.
390 1937 565 2036 -Popillius
583 1937 715 2008 reverti
730 1941 880 2006 Romam
901 1935 1075 2022 audebat,
1096 1961 1143 2005 ne
1161 1961 1245 2006 eau-

186 2071 258 2120 sam
278 2045 433 2131 diceret,
451 2046 600 2118 adverso
617 2062 761 2131 senatu,
778 2044 961 2117 infestiore
978 2044 1246 2144 populo„apud

116 2190 120 2196 ·
185 2171 392 2252 pretorem,
418 2157 481 2253 qui
510 2155 556 2227 de
584 2157 780 2252 quaestione
811 2157 848 2224 in
877 2180 914 2226 se
940 2157 1056 2252 posita
1082 2170 1245 2226 senatum

99 2271 101 2274 ’
185 2265 430 2342 consuluisset.
447 2268 538 2339 Huic
557 2264 806 2342 detrectationi
824 2264 901 2358 ejus
918 2262 1186 2362 tribuniplebis
1201 2266 1246 2336 al
1302 2295 1305 2304 =

185 2374 297 2445 terius
320 2375 515 2472 rogationis
541 2373 812 2445 denuntiatione
841 2389 1107 2445 occurrerunt:
1131 2390 1192 2462 ut,
1217 2379 1244 2446 si

186 2508 259 2553 non
280 2500 361 2554 ante
380 2484 466 2557 Idus
485 2483 706 2555 Novembres
724 2485 762 2553 in
781 2484 909 2554 urbem
931 2488 1082 2565 Romam
1102 2483 1244 2555 introis·

104 2667 106 2670 .
185 2608 262 2680 set,
281 2594 326 2668 de
342 2593 489 2668 absente
510 2619 553 2666 eo
577 2597 615 2666 C.
638 2595 796 2666 Licinius
815 2608 985 2666 statueret
1005 2619 1045 2666 ac
1058 2593 1243 2688 judicaret.

185 2709 260 2774 Hoc
278 2721 410 2780 tractus
427 2705 597 2777 vinculo²
619 2730 732 2801 quum
749 2703 916 2793 redisset,
935 2704 1070 2801 ingenti
1089 2729 1172 2774 cum
1187 2707 1244 2774 in-

165 2813 277 2891 ¹vidia
306 2817 343 2889 in
371 2831 533 2890 senatum
562 2815 668 2886 venit.
701 2813 755 2888 Ibi
785 2839 898 2917 quum
925 2813 1097 2889 laceratus
1116 2813 1244 2910 jurgiis

184 3012 299 3076 puniret,
323 3003 351 3063 ut
376 3014 566 3066 animadvertere
588 3028 691 3080 peecata
734 3016 896 3080 citumqueab
904 3018 933 3065 L.
945 3015 1243 3078 Lentuloacceptnmprae·

184 3091 249 3152 apud
266 3092 317 3140 cic.
340 3095 479 3142 RosoArn.
499 3103 540 3150 40.
556 3097 607 3142 Res
623 3096 693 3141 malae
735 3094 915 3150 roritradidie,·
930 3095 1069 3149 XXXVII,
1086 3092 1242 3150 11‚adeum

185 3186 227 3216 seu
238 3183 337 3234 peecata
355 3171 438 3235 puniri
457 3172 548 3228 solent,
561 3183 691 3236 postquam
736 3172 884 3228 exereitum,
899 3188 969 3236 quem
987 3189 1004 3218 a
1019 3170 1063 3219 Μ’,
1079 3169 1156 3218 Acilio
1172 3186 1244 3217 acce·

184 3249 348 3298 animadversa
359 3260 417 3298 sunt
428 3261 451 3298 et
462 3249 569 3314 cognita.
730 3261 819 3312 plures
833 3262 899 3298 esset.
913 3250 983 3299 Nihil
994 3251 1020 3298 in
1031 3251 1122 3299 Nostro
1129 3249 1242 3312 frequen·
1278 3261 1280 3268 ¹

220 3328 244 3375 6.
256 3329 367 3390 Quoerere
377 3345 408 3375 ea
420 3346 472 3394 rog.
483 3329 492 3392 (
502 3341 530 3378 nt
538 3331 694 3386 XXXVIII,
736 3328 793 3381 tius.
804 3330 844 3380 Sic
856 3331 928 3378 aiam
937 3333 1007 3382 Curt.
1018 3333 1069 3392 111,
1085 3332 1113 3389 3,
1125 3341 1152 3376 ut
1160 3346 1241 3378 omnes

187 3405 219 3452 55
226 3439 233 3463 ,
249 3419 273 3454 st
290 3424 390 3456 eausam
405 3407 485 3456 dicere
497 3410 549 3473 Iege
562 3411 689 3468 XXXIX,
729 3410 1197 3476 peregrinosmilr'tes..affirmabam
1204 3427 1242 3458 ar·

186 3486 216 3542 6;
234 3487 314 3545 xm,
327 3503 359 3535 aa
374 3485 426 3550 )ex
443 3489 537 3537 emend.
550 3489 625 3538 Drak.
643 3506 689 3552 pro
733 3488 828 3554 ciperet.
841 3491 887 3537 En.
896 3517 931 3525 -
942 3491 1078 3552 Quoestione
1096 3491 1121 3537 in
1137 3506 1163 3536 se
1174 3489 1242 3553 posi-

185 3581 293 3627 quoerere
304 3583 336 3614 ex
347 3585 369 3616 r.
733 3569 842 3626 ra,·vide
855 3568 887 3617 ad
897 3571 976 3631 XXI,
988 3571 1034 3628 45,
1045 3586 1070 3617 n.
1085 3578 1108 3625 4.

220 3645 371 3694 Ciexxll.
389 3663 410 3694 t.
423 3648 614 3712 Emeritumqne
627 3649 688 3694 aMl
768 3664 793 3694 2.
813 3649 867 3696 Hoc
882 3659 973 3696 tractus
989 3649 1101 3704 vinculo,
1126 3647 1172 3694 hae
1195 3645 1239 3692 ed·

185 3725 213 3769 P.
223 3725 401 3789 ceperunt;leg.
412 3738 568 3790 acceperam
576 3728 688 3775 Grona-
733 3727 821 3775 duetus
830 3728 985 3785 necessitate,
993 3728 1032 3775 vel
1041 3743 1126 3779 causa,
1137 3741 1191 3772 eum
1201 3741 1242 3773 oo·

183 3805 253 3849 llsno
271 3803 462 3852 emendatIonem
485 3806 585 3852 omnIno
601 3805 689 3868 probat
733 3817 818 3870 ἔειπες
832 3819 859 3854 ut
872 3807 960 3870 passim
971 3806 1094 3853 vinculum
1105 3805 1240 3851 dieiturra-

185 3879 259 3928 Dralt.
271 3881 327 3930 coll.
336 3881 380 3930 lib.
395 3885 503 3942 XXXII,
516 3899 572 3946 cap,
587 3899 596 3930 1
609 3897 615 3930 ε
627 3887 689 3930 Len-
733 3886 782 3942 tio,
796 3885 829 3933 ob
843 3902 916 3948 qnam
929 3885 1021 3948 aliquid
1035 3883 1074 3929 vel
1090 3883 1188 3930 fecimus
1202 3882 1240 3929 vel

185 3958 249 4004 enlm
271 3961 355 4008 consul
373 3977 446 4008 novas
465 3961 568 4025 legiones
588 3963 689 4009 scribere
734 3965 874 4013 omittimus.
894 3963 1037 4026 Metaphora
1054 3961 1102 4007 hoe
1120 3961 1176 4009 loeo
1198 3961 1239 4008 de-

179 4037 276 4100 jessem,-
287 4038 369 4086 Villius
381 4043 436 4088 aP.
446 4039 550 4102 Sulpicio
560 4041 690 4087 exercitum
734 4052 827 4106 sumpta
847 4041 877 4087 nb
895 4057 940 4098 eo,
958 4041 1000 4104 qui
1018 4039 1120 4088 vlnouIIs
1141 4040 1240 4088 constri-

185 4113 301 4180 aceipere.
318 4118 409 4166 Eodem
420 4118 498 4176 libro,
511 4134 564 4182 cap.
578 4135 610 4184 9,
623 4135 690 4168 exer·
735 4132 790 4174 ctus,
803 4119 940 4168 attrahitur.
