2984 4706
1169 348 1195 384 A·
1206 346 1232 386 C·
1248 348 1291 386 ms.

253 376 323 446 216
678 376 717 444 T.
752 375 888 443 LlVll
1170 412 1292 458 nemas.

252 515 288 569 et
307 498 427 570 hostes
443 497 571 567 merito
585 499 617 566 ei
636 501 816 566 Romanos
833 511 954 594 posset
972 495 1088 570 facere
1104 526 1111 568 t
1127 498 1190 570 sed
1208 497 1317 576 etiam

251 609 372 678 Gentii
387 609 480 703 regis
496 619 618 703 parata
631 607 797 691 societas,
813 621 849 678 et
863 620 940 676 tum
957 609 1166 696 Gallorum,
1183 606 1313 690 eflusa-

250 741 331 786 rum
354 741 419 814 per
439 715 621 811 Illyricum
634 727 662 801 ²,
680 717 806 812 ingens
831 739 959 811 agmen
982 717 1146 792 oblatum
1168 719 1313 790 avaritia

250 829 435 899 dimissum
455 842 519 897 est.
538 825 740 900 Veniebant
763 824 887 896 decem
912 827 1023 900 millia
1045 831 1229 926 equitum,
1250 851 1314 925 par

250 963 421 1009 numerus
450 937 635 1036 peditum,
662 951 699 1008 et
724 938 886 1034 ipsorum
910 938 1138 1034 jungentium
1166 961 1312 1010 cursum

250 1051 374 1144 equis,
400 1049 491 1118 etin
506 1048 619 1117 vicem
644 1045 896 1143 prolapsorum
914 1048 1077 1142 equitum
1100 1073 1232 1121 vacuos
1253 1072 1313 1119 ca·

247 1157 425 1254 pientium
444 1156 489 1227 ad
508 1179 667 1254 pugnam
685 1179 810 1251 equos.
821 1156 872 1224 Hi
885 1159 980 1253 pacti
994 1174 1112 1246 erant,
1127 1183 1239 1256 eques
1253 1159 1312 1230 de-

247 1293 314 1339 nos
328 1284 519 1365 praesentes
531 1290 675 1349 aureos,
690 1265 801 1361 pedes
815 1266 963 1361 quinos,
976 1268 1074 1339 mille
1088 1268 1160 1339 dux
1175 1293 1312 1340 eorum.

247 1378 484 1458 Venientibus
497 1379 553 1449 bis
564 1383 713 1448 Perseus
724 1374 769 1446 ab
782 1377 921 1473 Enipeo
936 1403 981 1448 ex
994 1380 1116 1450 castris
1129 1378 1313 1477 profectus

248 1489 391 1561 obviam
416 1511 499 1562 cum
522 1484 669 1560 dimidia
691 1485 876 1582 copiarum
895 1502 995 1583 parte
1016 1487 1228 1568 denuntiare
1247 1513 1314 1588 per

246 1602 344 1671 vicos
362 1594 563 1693 urbesque,
584 1620 664 1690 quae
682 1595 746 1698 yiae
764 1596 978 1692 propinquae
999 1613 1104 1684 sunt,
1126 1599 1249 1697 coepit,
1271 1615 1313 1670 ut

247 1722 469 1780 commeatus
492 1705 723 1802 expedirent,
746 1702 940 1793 frumenti,
963 1709 1056 1796 vini,
1078 1733 1252 1806 pecorum
1270 1725 1314 1781 ut

243 1821 349 1917 copia
368 1830 470 1888 esset.
489 1821 570 1911 Ipse
584 1839 698 1910 equos
713 1813 973 1912 phalerasque³
988 1832 1025 1889 et
1039 1819 1159 1916 sagula
1171 1818 1310 1891 donum

246 1924 470 2029 principibus
486 1922 599 2011 ferre,
618 1936 654 1994 et
671 1947 803 2020 parum
820 1925 917 2010 auri,
938 1926 1039 2022 quod
1062 1928 1155 1998 inter
1174 1952 1312 2025 paucos

246 2036 437 2122 divideret,
458 2033 724 2112 multitudinem
745 2033 895 2104 credens
917 2036 1010 2107 trahi
1029 2061 1093 2134 spe
1113 2061 1230 2134 posse.
1255 2038 1311 2109 Ad

247 2149 430 2226 Almanam
457 2142 610 2228 urbem
635 2144 818 2247 pervenit,
841 2159 877 2224 et
896 2145 933 2220 in
956 2145 1033 2244 ripa
1054 2144 1212 2218 fluminis
1231 2149 1312 2218 Axii

205 2431 207 2438 ,
246 2386 351 2450 rect'pere
369 2395 393 2431 et
411 2381 508 2450 reficere
524 2382 596 2430 etlam
623 2382 755 2446 percantari
799 2383 927 2430 Bastarnas
938 2394 1019 2435 tamen
1030 2398 1081 2430 non
1091 2382 1241 2441 Gallos,sed
1252 2383 1313 2430 Ger-

245 2465 289 2517 lib.
302 2467 326 2520 1,
341 2463 389 2520 53,
405 2478 429 2508 n.
448 2462 471 2507 3.
488 2458 564 2508 Paulo
578 2461 654 2518 lnlra,
668 2471 692 2510 et
705 2471 755 2506 tum
799 2477 884 2508 manos
905 2462 992 2520 luisse,
1013 2460 1103 2510 docent
1122 2462 1185 2509 Plin.
1204 2462 1307 2524 aliiqne;

248 2542 389 2597 Gallorum,
404 2537 551 2604 ffumrmn,
569 2549 615 2587 etc.
635 2536 677 2588 ubi
695 2540 755 2586 Gro·
800 2555 864 2603 qnos
884 2539 982 2596 Livius,
997 2539 1061 2591 Plut.
1081 2557 1108 2588 ac
1126 2540 1203 2588 Diod.
1224 2540 1309 2588 Gallos

246 2621 321 2668 novio
331 2617 475 2683 particulam
482 2615 532 2663 tuin
542 2617 670 2682 displicere
680 2617 755 2665 modo
800 2629 917 2666 vocarunt
926 2619 1038 2682 exemplo
1049 2618 1161 2683 l'olybii,
1171 2619 1241 2679 cujus
1251 2631 1311 2668 tem·

245 2699 364 2752 vidimus,
377 2696 442 2744 idem
453 2697 551 2746 Jacobs.
566 2697 612 2745 Ll.
626 2697 660 2744 sio
674 2713 754 2745 emen·
799 2712 859 2768 pore
872 2715 955 2746 verum
969 2697 1099 2746 discrimen
1111 2698 1175 2746 luter
1187 2699 1272 2747 Gallos
1284 2711 1309 2746 et

189 2789 191 2796 ’
245 2778 300 2827 dat:
312 2789 336 2825 et
350 2774 494 2831 Gallorum,
505 2787 555 2822 tunt
568 2773 698 2840 efflaturum
708 2793 755 2846 per
770 2767 771 2770 Ἴ
800 2777 934 2825 Germanos
951 2775 1043 2828 Graecls
1060 2777 1140 2826 adbuc
1156 2779 1308 2841 incognitum

244 2857 383 2920 Illrrlcmu,
395 2867 441 2906 etc.
452 2855 498 2904 En.
799 2865 856 2904 erat.
871 2855 1019 2903 Habitarunt
1031 2866 1110 2904 autom
1122 2868 1189 2905 tram
1203 2859 1307 2916 latrum

280 2952 305 2985 2.
321 2935 448 2983 Gallorum
467 2930 598 2997 effiuorum
611 2948 657 2996 per
673 2932 753 2994 Illyri-

244 3032 336 3065 cum...
356 3011 491 3062 Veniebant
501 3011 583 3058 decem
599 3011 676 3058 millia
691 3011 755 3076 equi-

244 3108 294 3142 tum
303 3094 430 3142 Gallorum
438 3126 445 3151 ,
454 3104 502 3142 etc.
511 3093 577 3142 conl.
587 3091 693 3158 Appian.
703 3094 754 3139 Ma-

244 3173 296 3222 ced.
308 3174 388 3231 XVI,
405 3189 427 3230 r,
443 3188 471 3231 a,
481 3183 505 3218 et
518 3171 581 3220 Plut.
595 3171 752 3218 inmittunt.

243 3269 299 3318 pag.
314 3254 365 3314 ²⁵9
376 3267 413 3318 sq.
423 3253 471 3298 Pro
481 3251 557 3299 Gallis
568 3250 609 3302 ille
619 3251 692 3297 Getas
704 3267 754 3298 me-

242 3342 334 3389 morat,
346 3331 387 3378 hio
402 3329 478 3378 modo
496 3330 608 3386 Galatas,
620 3327 696 3375 modo
709 3331 753 3376 Ba·

242 3423 351 3472 stamas,
372 3419 466 3473 gentem
491 3425 505 3456 a
527 3408 604 3456 Gallis
623 3406 752 3454 oriundam

240 3491 302 3555 (vid.
311 3487 447 3552 Schweigb.
455 3488 485 3537 sd
493 3488 600 3551 Appian.
609 3486 626 3532 l.
637 3485 752 3550 l.);nnde

241 3582 266 3618 et
281 3567 414 3618 Clondicus
428 3582 487 3614 mox
503 3565 644 3623 Gallorum,
656 3575 679 3610 et
696 3580 751 3627 sup.

241 3650 297 3706 XL,
321 3648 368 3706 58,
384 3647 553 3694 Bastarnarum
573 3643 671 3706 regulus
688 3642 751 3690 dici·

241 3740 288 3776 tur.
303 3751 315 3770 u
324 3726 402 3774 Edam
416 3723 519 3771 Diodor.
533 3723 560 3770 in
574 3723 635 3772 Exc.
647 3722 750 3769 Peiresc.

241 3823 297 3872 pag.
315 3807 375 3864 ³13,
393 3807 520 3853 Bastarnas
535 3814 607 3850 vocat
625 3801 749 3860 Γαλάτας-

241 3889 328 3933 Parum
348 3884 449 3946 referre,
468 3894 552 3930 utrum
573 3881 698 3944 gallicam,
718 3897 750 3927 an

240 3962 399 4027 germanicam
420 3973 516 4026 gentem
533 3960 656 4017 dicamus,
677 3959 751 4006 fuisse

240 4042 304 4090 enim
313 4040 398 4090 Gallos
409 4041 535 4088 Germanis
545 4039 691 4102 permixtos,
702 4039 751 4085 exi·

239 4121 319 4169 stimat
329 4119 409 4168 Voles.
423 4119 454 4166 ad
465 4120 525 4167 Exc.
536 4119 624 4167 Peires.
638 4123 693 4183 pag'.
706 4133 748 4180 79.

799 2934 849 2981 vid.
859 2935 918 2996 xL,
935 2935 981 2994 573
994 2937 1065 2982 Oros.
1080 2936 1125 2994 1v‚
1138 2952 1186 2995 ao,
1203 2948 1227 2985 et
1242 2937 1307 2986 Plut.

798 3012 902 3060 Diodor.
914 3023 939 3060 et
951 3013 1085 3078 Applanl..
1093 3015 1110 3062 1.
1119 3037 1131 3058 n
1146 3015 1219 3062 Drak.
1231 3015 1305 3064 conf.

799 3109 853 3156 sup.
870 3090 929 3147 xt,
947 3092 990 3152 57,
1004 3109 1029 3138 n.
1047 3094 1072 3139 5.
1089 3093 1260 3152 -Pedt'tum,
1285 3107 1309 3142 et

798 3173 904 3236 ipsorum
910 3171 1077 3236 jungendum.
1085 3203 1104 3222 ..
1123 3187 1212 3236 equos,
1224 3173 1251 3220 bi
1263 3191 1307 3239 pe·

798 3251 861 3305 dites
883 3268 932 3298 una
945 3267 1006 3299 voce
1024 3247 1170 3320 παραΰάται
1192 3252 1307 3300 dicuntur

797 3331 861 3382 Plut.
879 3331 895 3380 l.
918 3330 993 3389 l.-De
1016 3329 1064 3380 hoc
1090 3331 1216 3378 Gallorum
1238 3338 1307 3378 m'ore

797 3409 847 3458 vid.
868 3412 968 3462 Pausan.
992 3413 1031 3466 X,
1055 3425 1102 3471 19,
1123 3421 1147 3457 et
1164 3411 1226 3458 Cass.
1246 3410 1306 3460 Bell.

797 3487 861 3542 Gall,
871 3491 895 3544 l,
908 3490 950 3546 48.
959 3515 993 3524 -
1003 3489 1123 3537 Derras...
1138 3504 1238 3551 aureos,
1247 3489 1273 3539 b.
1284 3506 1306 3536 s.

796 3567 830 3616 ait
841 3567 912 3616 Crev.
922 3566 1009 3624 ,bluas
1023 3566 1107 3614 uncias
1119 3577 1239 3614 nostrates
1250 3584 1306 3615 cunr

797 3643 909 3703 dlmldlt;
921 3643 1009 3708 quinos
1015 3679 1024 3701 ‚
1037 3643 1144 3708 singulas
1155 3645 1239 3692 uncias
1249 3662 1306 3694 cum

795 3736 880 3788 quarta
892 3725 971 3771 uncias
981 3734 1062 3787 parte;
1072 3723 1149 3781 mille,
1161 3739 1252 3772 marcas
1261 3742 1307 3773 no·

796 3814 881 3856 stratas
892 3805 936 3862 ar,
946 3803 1029 3850 uncias
1042 3819 1066 3850 a.
1077 3805 1122 3851 En.

833 3885 856 3938 3.
866 3885 921 3947 Ipse
933 3899 1008 3954 equos
1012 3879 1190 3946 phalerasque,
1201 3881 1243 3934 καὶ
1253 3883 1308 3951 ψίλ-

794 3967 836 4014 tta
847 3965 926 4032 χρυσᾶ
938 3962 1054 4025 (torques
1063 3960 1171 4026 aureos),
1183 3974 1207 4009 et
1214 3979 1307 4026 parum

796 4040 853 4091 auri
859 4077 866 4102 ,
875 4044 1001 4109 στατῆρας
1013 4039 1108 4110 μυρίους
1121 4041 1228 4104 Appiam.

833 4127 856 4178 4.
869 4121 911 4169 Ad
925 4121 1057 4170 Almanam
1076 4119 1173 4176 urbem,
1188 4135 1239 4167 non
1254 4118 1308 4166 aliis
