2972 4720
214 321 339 423 33ng33
447 345 593 410 menn
618 345 739 414 xnn.
768 346 870 414 cnr.
899 346 1033 438 xm„
1210 372 1249 442 7¹

186 494 204 528 «
219 462 312 534 ultra
330 462 511 557 objicitur,
527 487 636 559 quam
654 463 903 536 interfectores
919 467 997 561 ejus
1015 467 1052 536 in
1068 490 1181 562 regno
1196 491 1255 538 ex-

187 603 204 638 «
217 572 349 644 sulasse
373 595 466 644 meo.
488 573 600 668 Cujus
623 573 841 646 conditionis
863 575 1090 671 iniquitatem
1112 577 1161 646 ita
1179 602 1255 648 non

187 707 298 754 «sum
320 697 573 769 recusaturus,
595 685 705 756 sivos
726 707 873 781 quoque
891 686 1068 784 accipitis,
1089 702 1151 775 ut,
1173 689 1256 784 qui-

188 823 205 858 «
219 817 376 890 cumque
396 793 538 866 exsules
558 796 595 865 in
618 795 756 866 Italiam
782 810 844 866 aut
867 801 1017 868 Romam
1035 823 1073 870 se
1092 800 1255 870 contule·

186 918 326 989 erunt,
349 902 405 972 his
431 901 653 990 facinorum,
680 919 831 1001 propter
857 929 938 1000 quae
968 903 1127 977 damnati
1150 921 1254 990 sunt,

188 1028 382 1084 «auctores
401 1035 465 1084 vos
483 1011 592 1084 fuisse
611 1011 803 1084 fateamini.
825 1015 862 1084 Si
881 1012 951 1084 hoc
972 1028 1009 1084 et
1025 1038 1089 1084 vos
1111 1009 1255 1112 reposa-

186 1122 321 1210 «bitis,
337 1138 373 1194 et
387 1145 514 1194 omnes
532 1123 608 1194 aliae
623 1139 765 1220 gentes,
784 1148 853 1220 ego
872 1148 1021 1220 quoque
1040 1125 1134 1194 inter
1152 1138 1254 1195 caete·

187 1259 277 1306 «ros
294 1255 366 1308 ero.
381 1238 445 1317 Et,
464 1223 636 1322 Hercule,
656 1232 746 1330 quid
761 1235 889 1304 attinet
904 1235 1074 1328 cuiquam
1092 1233 1256 1304 exsilium

187 1359 359 1441 «patere,
386 1346 414 1414 si
440 1367 620 1441 nusquam
646 1345 760 1416 exsuli
784 1343 929 1416 futurus
956 1344 1058 1415 locus
1082 1345 1159 1416 est?
1180 1350 1255 1442 Ego

186 1468 338 1526 «tamen
362 1455 470 1541 istos,
496 1468 537 1524 ut
558 1455 716 1552 primum
732 1456 770 1525 in
787 1455 998 1527 Macedonia
1014 1478 1109 1540 esse,
1130 1455 1256 1524 admo-

186 1595 202 1628 «
216 1567 311 1636 nitus
333 1589 354 1635 a
377 1563 503 1652 vobis,
526 1567 706 1663 comperi,
732 1567 927 1662 requisitos
949 1564 1048 1636 abire
1074 1591 1118 1636 ex
1142 1589 1255 1661 regno
1284 1595 1286 1600 ’

186 1704 202 1738 «
214 1676 323 1768 jussi,
338 1689 373 1746 et
387 1677 424 1744 in
438 1689 656 1772 perpetuum
671 1673 840 1746 interdixi
854 1673 988 1746 finibus
1001 1675 1100 1745 meis.
1119 1679 1163 1744 Et
1179 1674 1256 1745 haec

186 1784 364 1882 «quidem
379 1785 486 1872 mihi,
506 1798 680 1882 tanquam
698 1809 841 1857 causam
860 1784 994 1856 dicenti
1011 1808 1092 1872 ren,
1111 1781 1254 1877 objecta

187 1925 204 1960 «
219 1910 325 1966 suut:
347 1895 427 1983 illa,
446 1911 617 1993 tanquam
638 1897 733 1994 regi,
754 1911 790 1966 et
810 1919 891 1992 quae
910 1894 955 1966 de
974 1892 1130 1982 foedere,
1154 1893 1256 1989 quod

188 2037 205 2072 a
219 2005 306 2094 mihi
322 2022 377 2078 est
392 2005 598 2092 vobiscum,
612 2005 910 2110 disceptationem
931 2004 1098 2076 babeant.
1118 2007 1208 2112 Nam
1227 2007 1256 2074 si

187 2132 271 2188 «est
285 2118 322 2186 in
336 2115 475 2189 foedere
491 2119 541 2189 ita
557 2119 751 2215 scriptum,
766 2132 808 2187 ut
825 2141 889 2206 ne,
906 2118 936 2188 si
953 2114 1092 2186 bellum
1107 2113 1255 2210 quidem

185 2257 202 2289 «
217 2227 298 2322 quis
311 2223 458 2315 inferat,
472 2228 566 2297 tueri
580 2251 639 2298 me
651 2251 879 2324 regnumque
894 2251 1014 2298 meum
1028 2225 1150 2311 liceat,
1166 2224 1256 2294 mihi
1329 2243 1332 2256 ¹

187 2335 403 2408 «fatendum
419 2352 493 2422 est,
510 2336 610 2432 quod
626 2361 684 2408 me
706 2337 814 2406 annis
827 2335 1005 2431 adversus
1016 2333 1255 2430 Abrupolim,

187 2477 203 2510 α
217 2448 379 2518 socium⁷
404 2447 531 2546 populi
552 2449 713 2534 romani,
740 2444 988 2534 defenderim,
1009 2443 1123 2516 foedus
1141 2445 1255 2516 viola·

187 2571 292 2628 «tum
309 2582 394 2630 esse.
415 2559 476 2627 Sin
491 2572 610 2628 autem
627 2556 698 2628 hoc
714 2570 750 2628 et
766 2583 810 2628 ex
829 2555 965 2629 foedere
982 2553 1101 2641 licuit,
1120 2571 1157 2626 et
1173 2557 1255 2650 jure

186 2669 378 2763 «gentium
397 2668 446 2738 ita
462 2681 710 2766 comparatum
727 2682 800 2755 est,
815 2682 855 2738 ut
874 2691 971 2741 arma
990 2668 1097 2738 armis
1113 2666 1257 2764 propul-

186 2809 202 2842 α
216 2794 353 2866 sentur,
372 2778 461 2874 quid
478 2777 624 2852 tandem
642 2803 700 2848 me
719 2775 836 2850 facere
853 2777 992 2865 decuit,
1010 2789 1125 2873 quum
1139 2774 1256 2846 Abru-

187 2889 310 2984 «polis
333 2887 424 2960 fines
450 2890 520 2960 mei
544 2890 648 2988 regni
666 2911 782 2985 usque
802 2887 847 2959 ad
869 2885 1111 2984 Amphipolim
1131 2909 1253 2982 perva-

189 3029 205 3061 «
220 3013 361 3083 stasset,
379 2999 491 3070 multa
509 2997 623 3070 libera
637 2999 771 3096 capita,
790 3020 956 3094 magnam
971 2997 1042 3064 vim
1057 2997 1253 3092 mancipio-

188 3139 203 3170 «
217 3127 319 3194 rum,
338 3107 451 3178 multa
475 3109 585 3179 millia
608 3132 781 3205 pecorum
804 3106 1005 3203 abegisset?
1023 3106 1255 3195 Quiescerem

187 3213 203 3280 i
218 3233 254 3289 et
271 3233 424 3316 paterer,
444 3218 559 3290 donec
577 3217 708 3290 Pellam
726 3219 815 3288 etin
832 3209 989 3314 regiam⁸
1011 3237 1127 3296 meam
1144 3238 1255 3286 arma·

188 3340 275 3396 «tus
297 3329 545 3425 pervenisset?
569 3332 614 3398 At
640 3328 735 3398 enim
762 3326 859 3398 bello
883 3323 1030 3423 quidem
1052 3326 1151 3420 justo
1173 3351 1253 3397 sum

188 3465 204 3499 «
218 3454 478 3533 persequutus;
506 3438 571 3510 sed
595 3439 690 3509 vinci
715 3461 790 3508 non
814 3437 977 3534 oportuit
1001 3460 1106 3522 eum,
1134 3461 1254 3533 neque

186 3577 203 3609 ·«
219 3571 276 3632 ea,
296 3571 376 3644 quae
393 3551 492 3619 victis
510 3548 696 3634 accidunt,
714 3549 808 3645 pati:
825 3569 984 3644 quorum
1000 3571 1121 3618 casum
1137 3570 1253 3642 quum

188 3687 203 3720 (ι
219 3681 286 3753 ego
304 3643 493 3744 subierim,
510 3661 573 3756 qui
590 3684 669 3731 sum
689 3660 794 3730 armis
812 3659 1010 3744 lacessitus,
1029 3656 1116 3753 quid
1134 3671 1253 3752 potest

188 3856 261 3903 coedis
268 3857 328 3904 milri
333 3860 459 3908 reddenda
467 3861 547 3915 raeto,·
557 3862 588 3908 ef.
596 3877 648 3925 cap.
658 3864 698 3908 13.
743 3871 820 3914 ctum;
836 3863 913 3908 Gron.
927 3883 961 3893 -
974 3860 1041 3920 Saepe
1059 3869 1116 3902 vero
1132 3853 1254 3918 particula

226 3951 248 3990 7.
269 3935 389 3984 Adversus
406 3938 561 4000 Abrupolim,
591 3939 695 3995 socium,
742 3951 766 3986 et
783 3941 830 3985 vim
851 3936 990 4001 explicandi
1002 3933 1089 3990 babet,
1113 3945 1140 3980 nt
1156 3933 1187 3980 sit
1205 3948 1254 3995 pro

189 4023 237 4060 etc.
252 4016 316 4062 conf.
327 4032 379 4080 cap,
392 4019 433 4064 13.
741 4035 832 4080 nempe.
844 4017 972 4074 Contu,
985 4017 1015 4062 16
1024 4048 1031 4072 ,
1040 4015 1091 4062 n.-8
1102 4030 1108 4073 3
1118 4024 1141 4062 et
1150 4027 1251 4078 praesen

226 4093 252 4140 8.
262 4094 353 4142 Pellam
364 4109 388 4144 et
397 4099 421 4144 in
432 4096 523 4160 regiam
531 4115 541 4152 ,·
549 4101 574 4148 τὸ
586 4110 610 4146 et
618 4115 698 4164 suspe
742 4098 784 4144 tim
797 4100 834 4154 11,
845 4105 876 4151 Λα
887 4131 893 4154 ,
906 4112 931 4142 n.
946 4110 970 4154 7..
984 4094 1030 4142 En.
