2976 4712
288 394 359 480 436
700 393 938 466 EPITOMAE

287 519 432 590 Miserat
456 518 551 592 eu'un
578 517 625 588 ad
650 499 958 615 Carthaginienses
981 515 1220 613 legationem,
1239 531 1277 588 ct
1302 515 1348 586 ab

288 629 330 700 iis
357 643 463 698 nocte
492 627 613 700 audita
638 631 734 715 e'rat3
756 628 821 698 sed
849 643 886 699 et
908 626 993 698 alias
1021 625 1163 697 Graeciae
1189 626 1348 699 civitates

288 736 509 810 sollicitabat.

544 949 769 1016 EPITOME
800 948 937 1015 LIBRI
968 949 1090 1016 XLII.

336 1135 379 1221 Q.
402 1131 545 1201 Fulvius
564 1130 709 1200 Flaccus
731 1151 860 1200 censor
880 1129 1053 1226 templum
1072 1131 1226 1201 Iunonis
1246 1133 1343 1202 Laci-

287 1245 354 1316 niae
372 1239 499 1338 tegulis
517 1239 727 1310 marmoreis
743 1237 928 1335 spoliavit,
943 1251 985 1308 ut
1001 1236 1133 1327 aedem,
1153 1263 1263 1336 quam
1283 1240 1345 1312 de-

287 1352 445 1438 dicabat,
460 1366 606 1449 tegeret.
621 1348 763 1446 Tegulae
774 1373 818 1420 ex
826 1348 1134 1420 senatusconsulto
1142 1365 1343 1447 reportatae.

286 1464 483 1546 Eumenes,
497 1461 586 1530 Asiae
599 1484 682 1544 rex,
697 1460 735 1528 in
751 1473 878 1529 senatu
899 1456 944 1528 dc
965 1463 1110 1546 Perseo,
1127 1459 1346 1532 Macedonia

286 1597 387 1669 rege,
402 1585 550 1668 questus
566 1583 637 1640 est:
652 1567 901 1662 cujusinjuriae
913 1569 951 1636 in
964 1568 1141 1665 populum
1153 1593 1345 1640 romanum

284 1679 502 1752 referuntur.
520 1676 579 1748 Ob
594 1701 683 1774 quas
696 1675 794 1747 bello
809 1678 842 1747 ei
855 1673 1008 1766 iu'dicto,
1024 1683 1059 1748 P.
1072 1679 1232 1751 Licinius
1245 1685 1347 1752 Cras·

286 1809 345 1866 sus
365 1788 512 1874 consui,
539 1788 597 1858 cui
620 1785 654 1856 id
680 1784 889 1856 mandatum
917 1801 1010 1874 erat,
1035 1788 1073 1856 in
1097 1789 1345 1861 Macedoniam

286 1901 441 1990 transiit,
453 1896 665 1993 levibusque
682 1893 987 1992 expeditionibus,
1006 1898 1234 1992 equestribus
1254 1925 1343 1997 pra·-

284 2010 358 2098 Iiis,
374 2011 413 2080 in
431 2007 609 2079 Thessalia
625 2030 707 2076 cum
726 2010 854 2076 Perseo
872 2029 998 2103 parum
1018 2004 1113 2077 IeIici
1131 2023 1263 2080 eventu
1281 2035 1345 2108 pu-

286 2121 417 2218 gnavit.
441 2123 540 2188 luter
559 2115 779 2186 Masinissam
800 2128 836 2185 et
857 2113 1167 2213 Carthaginienses
1190 2117 1236 2189 de
1259 2144 1345 2216 agro

258 2313 260 2318 Ι
285 2229 352 2301 fuit
368 2226 501 2298 arbiter
519 2225 561 2295 ad
581 2223 854 2321 disceptandum
873 2249 894 2294 a
914 2241 1040 2296 senatu
1060 2227 1164 2298 datus
1177 2238 1201 2295 ¹.
1222 2232 1345 2325 Legati

285 2339 383 2409 missi
401 2336 444 2406 ad
464 2335 622 2405 civitates
641 2335 753 2403 socias
767 2347 803 2404 et
820 2358 923 2431 reges
939 2335 1138 2432 rogandos,
1155 2352 1198 2408 ut
1213 2338 1252 2407 iu
1274 2337 1344 2408 fide

285 2460 555 2548 permanerent,
579 2441 827 2514 dubitantibus
842 2442 1006 2515 Rhodiis.
1030 2449 1200 2516 Lustrum
1219 2472 1239 2518 a
1260 2471 1345 2518 cen·

285 2557 427 2629 sonibus
451 2552 639 2626 conditum
660 2568 724 2624 est.
748 2556 863 2623 Ceusa
885 2567 969 2623 sunt
987 2554 1119 2625 civium
1140 2556 1257 2651 capita
1276 2555 1343 2626 du-

285 2683 388 2741 centa
417 2663 679 2761 quinquaginta
709 2676 847 2759 septem
877 2662 987 2732 miliia
1017 2662 1173 2734 ducenta
1201 2666 1343 2759 triginta

286 2802 399 2849 uuum
408 2786 435 2845 ².
450 2779 520 2845 Res
535 2786 707 2870 praeterea
720 2772 887 2844 adversus
906 2777 1037 2844 Corsos
1050 2787 1087 2844 et
1101 2775 1251 2871 Ligures
1256 2800 1344 2884 pro-

285 2912 387 2986 spere
407 2899 521 2982 gestas
539 2882 709 2952 continet.

771 2961 782 2990 1

284 3085 333 3130 ner,
344 3073 413 3137 quod
421 3074 534 3126 Perseus,
547 3079 595 3116 etc.
604 3066 697 3115 Boend.
710 3077 735 3114 et
744 3083 792 3115 orn·
836 3083 883 3131 pro
897 3067 1080 3127 dumeltuna,
1095 3085 1149 3133 cap.
1160 3077 1206 3131 24,
1220 3085 1267 3118 nec
1279 3073 1345 3119 arbi.

285 3169 329 3202 nea
352 3151 408 3200 edd.
430 3159 486 3198 anto
508 3157 655 3213 postremam
677 3143 792 3204 Gruteri;
837 3146 870 3192 ιη’
880 3145 949 3208 dati,
962 3161 1008 3193 nec
1024 3145 1075 3193 diei
1086 3145 1148 3194 dieti
1163 3149 1344 3198 neutrumne

286 3229 401 3286 continet,
413 3240 438 3276 et
447 3227 517 3276 iniria
526 3225 583 3273 betti
590 3243 600 3273 .·
608 3225 651 3272 sed
661 3223 742 3272 ordini
752 3239 793 3270 vo-
836 3235 924 3272 unctor
931 3225 1096 3288 Epitomamm
1105 3241 1169 3289 saepe
1176 3225 1208 3273 ub
1215 3243 1245 3275 eo
1252 3227 1344 3277 diversa

284 3327 340 3360 enm
358 3324 431 3372 quem
449 3307 567 3354 Gruterus
584 3302 694 3361 induxit,
711 3303 793 3350 favent
836 3303 925 3362 tradit;
939 3305 1012 3354 Drak.
1025 3307 1211 3372 -Bogandos,
1226 3308 1344 3377 utritfide

284 3389 373 3454 reliqui
393 3384 496 3449 scripti:
516 3381 604 3430 deinde
622 3381 691 3445 quod
710 3384 793 3428 Perses
832 3395 1017 3445 permanerent,·
1030 3385 1106 3449 vulgo
1121 3383 1344 3452 aninfiderquod

286 3467 354 3515 Leid.
368 3464 424 3513 vide
441 3462 472 3510 ad
490 3463 559 3508 xm
567 3494 574 3519 ,
593 3459 627 3507 αδ
634 3495 642 3517 ,
659 3459 676 3524 3
693 3476 716 3508 a.
731 3461 793 3507 Mox
836 3461 1008 3523 proculdubio
1017 3463 1131 3511 vidosnm
1144 3475 1203 3513 erat.
1216 3466 1248 3511 Ut
1256 3467 1345 3529 reperit

287 3535 371 3594 vocem
387 3541 450 3589 enim
460 3542 573 3604 Ignorant
581 3537 720 3586 Leidvoes.
732 3539 793 3586 Lov.
837 3540 864 3584 in
876 3554 927 3586 uno
942 3541 987 3587 MS
1002 3540 1344 3606 GronovIus.Adstipulrutur

286 3641 309 3672 a.
321 3625 391 3686 Berg.
402 3617 494 3668 Boend.
508 3618 587 3665 Norv.
597 3627 621 3663 et
635 3616 720 3681 primae
737 3615 794 3663 edd.
837 3616 960 3675 Andreas,
970 3619 1119 3682 Campanus,
1127 3621 1254 3684 Sigonius,
1262 3632 1287 3669 et
1295 3623 1345 3686 pin

286 3702 416 3754 Asceusins
429 3714 481 3746 earn
492 3695 562 3743 addit
572 3710 637 3742 anno
648 3695 722 3742 1513.
732 3696 777 3762 En.
838 3711 876 3742 res
884 3695 957 3746 codd.
967 3698 1034 3761 apud
1044 3698 1119 3748 Drek.
1129 3703 1174 3747 Eo.

320 3784 388 3830 Earn.
399 3779 478 3825 XLII.
492 3790 515 3822 x.
525 3775 561 3820 De
572 3773 692 3838 agrofuit
704 3773 794 3821 arbiter
872 3789 897 3822 α.
910 3774 957 3824 civ.
971 3776 1054 3839 capita
1070 3777 1186 3824 CCLVII
1201 3775 1344 3843 (cextra

285 3859 321 3906 ad
332 3854 515 3920 disceptandum
534 3869 550 3900 a
566 3863 652 3900 senatu
665 3851 751 3908 datus,
761 3852 793 3899 ite
836 3851 902 3900 Leid.
915 3864 940 3901 et
950 3853 1031 3918 Berg.)
1040 3855 1122 3903 millia
1134 3855 1261 3905 CCXXX!
1267 3877 1278 3915 ,·
1290 3859 1342 3906 vide

285 3937 330 3983 tts
341 3934 439 3983 Barber.
449 3943 474 3980 et
486 3931 555 3979 leid.
569 3930 619 3978 dies
635 3930 733 3992 qnidam
745 3946 792 3994 pro
837 3940 916 3978 tamen
934 3931 966 3977 ad
987 3931 1098 3990 Livium,
1123 3932 1166 3981 lib.
1184 3935 1271 3994 xtu,
1291 3951 1341 4000 cap.

285 4013 391 4082 arbiter:
406 4027 458 4058 uon
475 4009 552 4069 male,
568 4008 589 4056 ei
603 4007 683 4056 dictus
700 4007 792 4071 legatur
839 4019 984 4066 10‚uot.r.
