2984 4706
225 355 247 390 Λ.
261 351 284 389 C.
300 353 345 390 168.

223 411 344 457 m,
465 375 556 439 ma
584 373 693 440 xcv.
721 378 824 442 car.
853 377 916 442 rx.
944 380 986 442 x.
1181 407 1249 478 ²79

196 515 296 561 mum
314 493 351 559 in
375 494 478 560 terris
495 493 733 562 Macedonum
751 519 902 590 regnum
922 519 1145 594 nomenque;
1166 503 1250 574 inde

195 615 311 670 morte
329 599 518 670 Alexandri
537 601 745 672 distracmm
761 603 798 672 in
816 602 930 676 multa
949 628 1076 700 regna,
1100 607 1185 678 dum
1206 611 1250 681 ad

196 731 233 778 se
248 709 400 804 quisque
414 733 501 804 opes
515 711 677 806 rapiunt,
693 711 886 782 lacerantes
903 713 1058 784 viribus:
1077 741 1096 786 a
1110 737 1251 790 summo

195 818 352 888 culmine
370 816 523 888 fortunae
542 819 586 889 ad
603 821 770 890 ultimum
789 819 898 890 finem
914 837 1059 892 centum
1079 807 1253 924 quinqua·

195 927 292 1021 ginta
312 951 427 997 annos
446 929 542 998 stetit
554 932 581 994 2⁴.
822 1013 827 1028 Ι

243 1041 285 1105 Χ.
323 1038 486 1106 Victoriae
520 1061 676 1130 romanae
707 1037 800 1108 lama
829 1062 941 1133 quum
974 1043 1184 1136 pervasisset
1213 1047 1250 1114 in

193 1145 332 1231 Asiam,
348 1149 519 1231 Antenor,
533 1149 595 1242 qui
614 1171 696 1216 eum
711 1147 821 1217 classe
838 1145 1040 1216 lemborum
1055 1149 1100 1218 ad
1114 1150 1251 1223 Phanas

194 1251 327 1338 stabat,
350 1255 594 1325 Cassandriam
623 1255 707 1326 inde
732 1257 876 1351 trajecit.
906 1260 944 1326 C.
972 1258 1164 1353 Popillius,
1188 1263 1251 1356 qui

194 1363 236 1432 ad
261 1365 391 1434 Delum
416 1365 582 1462 praesidio
607 1366 757 1436 navibus
781 1365 1026 1436 Macedoniam
1044 1367 1251 1462 petentibus

193 1486 288 1556 erat,
306 1487 497 1570 postquam
514 1473 732 1544 debellatum
746 1477 784 1544 iu
801 1475 1029 1562 Macedonia,
1049 1491 1085 1546 et
1102 1477 1252 1548 statione

193 1580 380 1652 submotos
404 1582 562 1654 hostium
593 1583 733 1654 lembos
759 1584 914 1672 audivit,
937 1585 1089 1654 dimissis
1115 1588 1251 1683 etipse
1306 1679 1309 1684 ἱ

193 1692 317 1760 Atticis
340 1692 508 1780 navibus,
533 1692 578 1762 ad
598 1708 799 1790 susceptam
822 1693 1056 1790 legationem1
1080 1718 1250 1791 peragen-

193 1800 275 1870 dam
290 1803 453 1898 navigare
469 1807 660 1901 AEgyptum-
672 1805 805 1900 pergit,
820 1818 860 1874 ut
874 1805 974 1900 prius
986 1827 1172 1874 occurrere
1185 1809 1252 1875 An-

192 1909 313 1980 tiocho
327 1927 468 2007 posset,
488 1937 595 2007 quam
613 1911 656 1983 ad
670 1912 890 1982 Alexandria
906 1914 1039 1982 moenia
1053 1913 1248 1984 accederet.

192 2022 313 2108 Quum
328 2022 672 2116 praeterveherentur
686 2023 806 2090 Asiam
820 2022 925 2116 legati
935 2031 962 2106 ²,
978 2035 1013 2090 et
1027 2025 1178 2116 Loryma
1194 2045 1251 2091 ve-

193 2128 347 2214 nissent,
376 2131 438 2224 qui
463 2145 588 2226 portus
614 2131 737 2226 viginti
762 2129 870 2226 paulo
895 2128 1047 2224 amplius
1071 2127 1180 2198 millia
1205 2128 1252 2197 ab

191 2235 319 2306 Rhodo
337 2235 457 2324 abest,
479 2263 522 2308 ex
544 2239 692 2308 adverso
710 2236 793 2306 urbi
811 2239 878 2334 ipsi
897 2238 1053 2334 positus,
1073 2239 1252 2334 principes

191 2455 237 2490 tur.
262 2445 328 2491 nare
348 2447 453 2494 [labrum
471 2461 551 2496 autem
570 2449 620 2494 sive
637 2449 693 2512 Ery·
741 2447 942 2510 nonnulli,quos
959 2446 1023 2494 inter
1042 2445 1121 2494 codex
1135 2446 1250 2492 Academ.

191 2523 293 2570 tbraeum
313 2524 399 2571 ilsdem
422 2527 547 2574 Veteribus
569 2526 694 2573 dicebatur
738 2525 870 2588 Duisbnrg.
878 2526 951 2580 CLII,
960 2525 1058 2588 qnidam
1068 2523 1252 2572 obstinatum

192 2603 302 2650 Oceanus
310 2601 420 2662 IndIous3
429 2605 695 2669 Drak.-Lacarantes
739 2617 857 2650 annorum
868 2603 961 2650 CXCII
968 2603 999 2650 ab
1006 2619 1071 2650 anno
1080 2603 1161 2666 primo
1167 2601 1253 2664 Olym.

191 2679 297 2736 viribus,
318 2680 476 2730 distrahentes
494 2697 609 2744 regnum
630 2683 694 2730 conf.
739 2681 818 2744 pladis
832 2683 885 2738 CV,
904 2694 955 2744 qno
964 2681 1091 2744 Philippus
1101 2681 1215 2744 Amynta
1224 2679 1252 2728 fi-

192 2759 280 2806 Lucan.
290 2760 327 2816 X,
339 2766 380 2814 44.
389 2759 513 2806 Laceratr's
526 2759 622 2806 urbibus
630 2761 695 2822 conj.
742 2759 802 2817 lius,
814 2759 945 2806 Alexandri
957 2760 994 2806 M.
1003 2770 1080 2822 pater,
1089 2774 1188 2821 regnare
1202 2775 1250 2806 coe-

191 2835 284 2883 Triller.
296 2835 367 2886 Obss.
379 2836 440 2885 Crit.
454 2839 503 2894 111,
518 2839 541 2883 8.
556 2837 603 2884 Sed
616 2837 699 2902 petitas
742 2837 794 2899 pit,
809 2837 919 2892 ducatur,
930 2835 960 2883 ab
978 2850 1007 2882 eo
1021 2851 1097 2898 usque
1113 2835 1143 2880 ad
1162 2851 1252 2882 annum
1295 2893 1298 2906 Ι

190 2914 237 2976 leg.
248 2929 304 2960 cnm
315 2915 392 2962 Gron.
409 2913 523 2961 laceratis
537 2913 643 2971 viribus,
657 2925 698 2960 arn
743 2915 847 2977 prinlum
856 2913 959 2977 Olymp.
972 2913 1052 2959 CLIII
1060 2923 1085 2958 et
1094 2923 1192 2974 captum
1202 2914 1255 2960 Per·

191 3007 246 3038 oum
265 2993 358 3038 Bauero
379 2992 513 3038 lacerantes
529 2991 635 3048 viritim,
656 3002 698 3039 ant
741 3009 780 3040 aaa
791 2993 957 3055 suntintegrae
970 2991 1127 3055 Olympiades
1135 2993 1250 3050 XLVII,

190 3069 273 3132 potiris
286 3085 342 3116 cum
361 3071 442 3116 Burin.
458 3069 490 3115 ad
507 3070 581 3118 Ovid.
599 3071 658 3116 Met.
673 3073 697 3126 Ι,
741 3087 796 3117 cunr
823 3071 901 3118 tribus
925 3069 995 3116 annis
1020 3068 1127 3131 Philippi
1156 3081 1180 3116 et
1201 3087 1252 3117 uno

192 3148 251 3204 626,
267 3147 402 3194 lacerantes
417 3146 522 3204 vicibus,
537 3149 554 3195 i.
569 3164 590 3194 e.
604 3164 648 3211 per
661 3149 696 3192 vi·
741 3149 834 3204 Persei,
849 3164 903 3211 quae
920 3162 1040 3194 annorum
1058 3146 1150 3194 CXCII
1160 3164 1253 3196 summa

192 3242 231 3272 ces
240 3225 250 3290 (
259 3225 310 3275 vid,
324 3226 398 3274 Drak.
407 3224 431 3289 );
440 3237 468 3272 ut
477 3226 633 3290 designentur
643 3241 698 3290 qna·
742 3236 785 3274 est.
794 3225 877 3272 Livius
890 3227 987 3273 initiam
999 3225 1037 3273 CL
1050 3239 1170 3271 annornm
1184 3225 1252 3274 vide-

192 3314 247 3350 tuor
258 3305 296 3351 vel
307 3306 416 3368 quinque
426 3303 488 3352 bella
500 3305 563 3352 inter
574 3319 697 3352 successo·
743 3315 782 3351 tur
802 3304 899 3350 duxisse
917 3320 930 3350 a
953 3314 1031 3350 morte
1052 3301 1187 3349 Alexandri
1200 3306 1252 3362 Μ.,

191 3395 229 3427 rea
239 3381 371 3430 ,umens
383 3383 419 3430 Μ.
434 3394 514 3446 gesta,
528 3381 616 3446 quibua
630 3381 699 3446 qnasi
742 3397 796 3446 qnae
806 3383 831 3429 in
842 3397 930 3429 annum
939 3381 1044 3445 primurn
1054 3381 1155 3444 Olymp.
1168 3381 1252 3428 CXIV

191 3459 288 3507 vicibus
298 3461 424 3524 imperium
437 3462 698 3511 laceramus—Hune
742 3460 842 3516 incidit,
856 3475 869 3506 a
884 3475 933 3522 qno
951 3475 1026 3522 usque
1046 3459 1078 3506 ad
1096 3457 1171 3526 finem·
1184 3461 1253 3522 regni

191 3537 275 3585 locum
285 3539 405 3603 Doerlng.
418 3541 524 3605 explicat
542 3541 574 3588 ita
584 3555 590 3588 τ
607 3541 699 3588 Ilistra·
742 3537 838 3587 Maced.
848 3549 904 3584 sunt
914 3537 971 3584 anni
981 3538 1066 3594 CLVI,
1073 3553 1135 3599 quos
1144 3537 1252 3585 rotundo

191 3618 276 3666 hentes
289 3634 349 3682 opes
371 3631 395 3666 et
414 3621 461 3666 sibi
481 3619 631 3667 vindicantes
653 3637 700 3684 pro
743 3632 844 3664 numero
855 3616 892 3690 CI
902 3615 992 3664 dixisse
1002 3617 1083 3680 potnit
1093 3638 1114 3665 ³».
1125 3615 1217 3663 Duker.

191 3695 240 3742 suis
260 3695 361 3758 quisque
376 3695 482 3754 viribus,
504 3708 577 3761 prout
593 3697 700 3762 pollebat
780 3696 840 3743 Car.
853 3697 887 3760 X
905 3711 926 3740 1.
945 3693 988 3740 Ad
1002 3703 1135 3756 susceptam
1152 3693 1254 3756 legatio·

191 3773 294 3834 quisque
305 3772 410 3831 viribus,
421 3781 448 3820 ut
458 3775 519 3820 infra
530 3775 636 3833 dictum,
646 3793 699 3838 cap.
745 3791 815 3830 πεπυ
826 3773 881 3820 vide
891 3772 922 3818 ad
933 3763 1022 3830 xttv,
1035 3787 1074 3832 19.
1086 3799 1121 3806 -
1131 3771 1255 3836 Navigare

194 3865 241 3908 ιι,
262 3850 302 3896 cui
318 3866 417 3914 regnum
440 3852 517 3914 quaeri
537 3852 585 3898 suis
606 3853 698 3899 viribus
743 3853 887 3915 AEgyptum;
907 3850 968 3897 vide¹
979 3849 1009 3896 ad
1025 3851 1067 3907 X,
1083 3851 1125 3909 37,
1139 3865 1164 3896 n.
1184 3866 1205 3898 1.
1220 3879 1252 3885 —

191 3927 329 3973 simulabat.
344 3927 390 3974 Eo.
747 3933 877 3976 Occurrere
886 3932 917 3976 A.
929 3928 985 3975 vide
999 3929 1029 3974 ad
1040 3929 1115 3988 XXI,
1131 3929 1173 3986 61,
1187 3945 1213 3976 n.
1230 3945 1251 3973 1.

227 4015 250 4060 4.
263 4005 299 4052 CL
312 4021 389 4050 aranos
402 4005 467 4052 stetit
478 4023 486 4051 .·
500 4029 511 4045 υ
523 4006 632 4068 Plerique
642 4007 698 4054 libri
779 4023 802 4053 a.
823 4007 901 4068 Quam
917 4005 1149 4069 praeterueherentur
1167 3998 1267 4052 Asiamv

191 4083 296 4142 tus-unt,
308 4083 434 4140 XXXIII,
450 4084 582 4146 a,habent
594 4084 696 4142 CXCII,
744 4087 832 4149 legati,
848 4085 965 4148 Popillius
980 4093 1003 4132 et
1018 4085 1067 4132 duo
1082 4084 1122 4130 alii
1130 4119 1137 4144 ,
1150 4087 1192 4146 qui
1209 4101 1254 4131 no-
