2976 4712
636 359 887 428 EPITOMAE

423 677 425 681 Ι
497 587 739 660 ΕΡΙΤΟΜΕ
773 590 912 658 LIBRI
946 589 1035 656 Vll.

278 790 362 858 Duo
384 787 468 857 novi
488 786 713 884 magistratus
734 784 864 880 adjecti
885 801 990 874 sunt,
1007 799 1162 884 praetura
1179 803 1218 862 et
1235 813 1295 862 cu·

110 931 114 938 ·
230 897 319 972 rulis
345 896 503 968 aedilitas.
529 895 734 972 Pestilentia
762 897 883 970 civitas
908 895 1083 970 laboravit
1096 907 1123 985 ¹,
1143 922 1295 996 eamque

230 1007 409 1104 insignem
427 1004 511 1079 feeit
529 1030 627 1078 mors
642 1007 739 1077 Furii
754 1005 903 1079 Camilli.
919 1006 1031 1102 Cujus
1044 1007 1246 1082 remedium
1257 1025 1296 1082 et

229 1114 312 1186 finis
327 1139 441 1213 quum
458 1139 525 1214 per
543 1140 654 1187 novas
673 1116 866 1214 religiones
882 1131 1114 1213 quaereretur,
1127 1116 1205 1202 ludi
1218 1143 1294 1192 sce·

230 1227 302 1297 nici
329 1241 416 1297 tunc
443 1227 603 1325 primurn
627 1224 712 1298 facti
735 1242 830 1298 sunt.
853 1228 976 1317 Quum
1001 1225 1078 1300 dies
1098 1233 1137 1300 L.
1160 1231 1294 1301 Manlio

230 1334 325 1407 dicta
344 1349 437 1408 esset
455 1361 477 1406 a
493 1340 541 1406 M.
553 1336 755 1434 Pomponio
773 1335 922 1410 tribuno
939 1337 1055 1436 plebis
1071 1354 1222 1438 propter
1237 1341 1295 1412 de-

231 1446 366 1517 lectum
387 1444 514 1517 acerbe
533 1460 673 1534 actum,
696 1460 734 1516 et
750 1449 788 1517 T.
804 1447 979 1517 Manlium
993 1444 1107 1519 filium
1128 1473 1189 1520 rus
1207 1450 1294 1521 rele-

230 1570 354 1654 gatum
371 1557 449 1628 sine
467 1555 543 1627 ullo
560 1557 726 1645 crimine,
744 1554 952 1640 adolescens
967 1557 1065 1654 ipse,
1082 1560 1185 1654 cujus
1203 1560 1294 1630 rele-

217 1654 325 1762 gatio
345 1666 438 1763 patri
459 1664 710 1762 objiciebatur,
727 1667 825 1754 venit
844 1667 882 1736 in
904 1666 1114 1738 cubiculum
1136 1666 1294 1757 tribuni,

229 1777 427 1872 strictoque
440 1775 558 1874 gladio
573 1777 691 1874 coegit
706 1799 791 1848 eum
807 1778 847 1845 in
864 1774 975 1848 verba
987 1799 1052 1848 sua
1063 1769 1206 1872 jurire,
1221 1801 1295 1848 non

230 1900 542 1984 perseveraturum
556 1886 643 1958 sein
656 1873 894 1957 accusatione.
910 1888 1032 1977 Quum
1045 1885 1183 1958 telluris
1196 1887 1296 1959 hiatu

230 2012 307 2070 tota
320 1999 366 2069 ad
380 1998 547 2069 ultimum
562 1999 685 2068 territa
700 1996 815 2093 patria
828 1993 923 2067 foret
933 2003 961 2084 ²,
977 2011 1064 2067 tunc
1081 1998 1205 2067 omnia
1216 2019 1296 2094 pre·

230 2109 321 2180 tiosa
329 2108 435 2180 missa
449 2123 533 2179 sunt
544 2109 582 2177 in
593 2107 777 2205 praealtam
788 2107 994 2204 voraginem
1011 2105 1112 2178 urbis
1126 2129 1293 2176 romanae.

105 2289 109 2297 ,
230 2223 274 2288 ln
288 2239 365 2288 eam
381 2219 525 2289 Curtius
538 2232 711 2304 armatus,
728 2216 856 2300 sedens
871 2239 985 2314 equo,
999 2239 1037 2287 se
1050 2217 1295 2318 praecipitavit,

231 2351 345 2424 eaque
363 2327 503 2426 expleta
521 2341 583 2398 est.
606 2331 644 2398 T.
659 2328 815 2398 Manlius
834 2321 1059 2415 adolescens,
1077 2327 1141 2425 qui
1158 2341 1295 2424 patrem

231 2462 252 2508 a
275 2435 462 2508 tribunitia
485 2439 676 2510 vexatione
698 2437 963 2526 vindicaverat,
996 2453 1123 2508 contra
1152 2438 1296 2510 Gallum

231 2561 489 2643 provocantem
503 2548 661 2645 aliquem
680 2573 725 2618 ex
743 2546 918 2620 militibus
936 2550 1110 2638 romanis,
1125 2549 1164 2620 in
1178 2551 1297 2648 singu-

232 2656 305 2728 lare
333 2672 516 2729 certamen
543 2657 747 2746 descendit,
769 2659 876 2754 eique
901 2659 1022 2730 occiso
1045 2673 1214 2758 torquem
1234 2685 1295 2730 au-

230 2791 334 2840 reum
351 2766 522 2859 detraxit3
543 2789 654 2870 quem
674 2771 751 2868 ipse
767 2782 893 2866 postea
910 2768 1013 2857 tulit,
1032 2781 1070 2840 et
1088 2793 1134 2840 ex
1150 2793 1195 2840 eo
1211 2774 1296 2841 Tor-

175 2879 183 2888 “
232 2893 363 2973 quatus
384 2893 438 2950 est
451 2893 690 2979 nuncupatus.
708 2883 796 2950 Duae
814 2877 931 2950 tribus
945 2877 1092 2967 additae,
1108 2881 1297 2978 Pomptina

231 3004 269 3060 et
288 2988 450 3060 Publilia.
468 2991 626 3061 Licinius
645 2989 747 3060 Stolo
763 2989 840 3087 lege
856 2989 902 3060 ab
920 2991 1000 3089 ipso
1019 2989 1090 3060 lata
1107 2988 1296 3062 damnatus

232 3114 307 3188 est,
328 3099 430 3198 quod
449 3101 532 3199 plus
552 3102 758 3199 quingentis
777 3100 965 3198 jugeribus
987 3102 1061 3199 agri
1083 3101 1293 3199 possideret.

232 3214 281 3282 M.
298 3212 459 3283 Valerius
478 3211 646 3300 tribunus
673 3212 826 3284 militum
845 3210 1006 3298 Gallum,
1031 3236 1051 3281 a
1072 3237 1146 3309 quo
1166 3236 1294 3310 provo·

233 3334 332 3392 catus
347 3336 440 3412 erat,
458 3321 635 3393 insidente
650 3321 758 3420 galeae
771 3346 900 3411 corvo,
916 3336 953 3393 et
966 3320 1150 3420 unguibus
1163 3337 1296 3395 rostro-

234 3455 306 3527 que
319 3431 460 3504 hostem
471 3429 680 3518 infestante,
698 3430 851 3519 oceidit,
870 3446 907 3503 et
918 3457 964 3504 ex
978 3457 1024 3504 eo
1040 3432 1147 3506 Corvi
1160 3455 1296 3502 nomen

234 3544 399 3642 accepit3,
417 3542 617 3641 consulque
642 3544 810 3642 proximo
835 3565 954 3631 anno,
978 3565 1094 3642 quum
1115 3566 1229 3613 annos
1247 3542 1297 3612 ri·

268 3733 341 3780 Eerr.
352 3731 410 3781 vu.
424 3747 446 3780 1.
456 3729 596 3780 Pestilentia
607 3729 693 3778 civitas
704 3729 741 3778 Ia·
786 3743 884 3794 quoque
901 3727 928 3776 ln
941 3729 1024 3778 multia
1041 3744 1104 3793 quoe
1121 3729 1204 3780 lendet
1221 3727 1296 3778 codd.

235 3809 345 3868 hornud,-
356 3809 453 3858 vidend
462 3811 575 3869 1.iv.111,
587 3812 633 3870 31,
644 3825 670 3858 n.
683 3824 743 3857 1.-
786 3807 884 3873 reperit.
899 3809 945 3857 En.

237 3889 466 3956 T.Manliumflrres
475 3887 744 3957 relegatum,·deeratin
824 3903 849 3936 a.
861 3885 961 3938 Telluris
977 3884 1047 3936 lietu
1065 3897 1118 3936 tota
1136 3885 1173 3934 ad
1185 3885 1296 3935 ultimum

234 3977 293 4016 vett.
301 3968 358 4016 edd.
368 3985 419 4037 von
431 3987 473 4018 rus
484 3986 556 4035 quam
567 3969 657 4031 adjecit
670 3969 742 4019 Crev.
787 3967 872 4016 territe
880 3967 980 4033 patrr'a,
992 3965 1020 4017 h.
1036 3968 1180 4018 anniversa
1194 3967 1294 4024 civitas,

236 4063 268 4094 ex
287 4047 380 4110 sigonii
398 4048 557 4107 auctoritate,
571 4048 613 4112 qui
631 4048 694 4097 hmo
710 4048 744 4097 ait
787 4057 815 4096 ut
828 4063 891 4114 eaepe
903 4047 969 4112 apud
984 4046 1126 4112 posterioris
1137 4047 1182 4095 reri
1195 4048 1295 4111 scripto

236 4124 263 4172 in
280 4125 400 4173 veteribus
417 4126 485 4174 libris
504 4137 606 4176 entare.
620 4127 742 4177 Drakenb.
788 4144 825 4176 res
842 4127 988 4177 invenimus.
1005 4127 1042 4176 Cf.
1062 4125 1135 4174 Dreln
