2984 4706
256 401 325 473 270
665 379 704 443 r.
740 376 876 443 Lrvu
1171 358 1286 462 till

254 508 433 594 exercitu,
450 508 601 578 extorris
615 527 743 604 reguo,
763 509 798 576 in
815 531 959 604 parvam
977 507 1129 582 insulam
1151 507 1315 604 compat

255 643 335 704 sus,
358 617 529 714 supplex,
555 615 628 687 fani
646 619 839 716 religione,
858 643 932 687 non
949 617 1085 688 viribus
1103 621 1196 696 suis,
1216 632 1316 688 tutus

255 743 356 799 esset.
384 727 453 798 Sed
475 742 687 825 postquam,
712 734 845 823 Regem
869 735 1001 798 Persea
1028 731 1167 802 consuli
1183 727 1315 798 Paullo

253 837 441 924 salutem,
464 837 568 935 legit,
586 839 852 908 miserationem
879 863 1023 908 omnem
1043 839 1192 908 stultitia
1215 840 1317 934 igno-

254 949 364 1018 rantis
392 946 572 1018 fortunam
597 971 696 1017 suam
724 949 864 1016 exemit.
894 951 1020 1043 Itaque
1046 971 1252 1044 quanquam
1278 949 1314 1015 in

255 1057 395 1154 reliqua
416 1072 517 1155 parte
547 1057 730 1127 literarum
749 1057 900 1126 minime
924 1058 1027 1154 regiae
1048 1079 1172 1154 preces
1194 1070 1315 1140 erant,

254 1181 374 1238 tamen
395 1169 470 1238 sine
491 1189 665 1264 responso
687 1191 727 1237 ac
745 1169 820 1237 sine
838 1167 948 1238 literis
967 1193 1009 1238 ea
1025 1167 1153 1264 legatio
1173 1165 1316 1237 dimisas'

255 1291 319 1347 est.
342 1277 460 1346 Sensit
482 1281 648 1361 PerseuS,
671 1275 773 1370 eujus
789 1279 945 1347 nominis
961 1277 1247 1347 obliviscendum
1264 1278 1315 1343 vi-

256 1401 314 1457 cto
337 1401 450 1456 esset:
472 1386 593 1480 itaque
614 1387 732 1456 alterae
753 1387 882 1473 literae,
906 1411 987 1457 cum
1010 1388 1136 1485 privati
1161 1389 1318 1456 nominis

255 1492 385 1566 titulo⁵
401 1497 529 1579 missae,
543 1508 578 1564 et
592 1497 745 1592 petiere,
763 1510 798 1567 et
814 1499 1071 1596 impetravere,
1089 1514 1130 1568 ut
1144 1497 1256 1593 aliqui
1272 1497 1314 1565 ad

255 1629 338 1675 eum
358 1606 597 1690 mitterentur,
615 1629 698 1674 cum
723 1605 855 1702 quibus
876 1609 976 1706 loqui
1001 1608 1047 1679 de
1066 1621 1158 1678 statu
1178 1622 1214 1678 et
1229 1633 1315 1678 con-

255 1715 393 1786 ditione
422 1740 493 1786 suae
525 1712 678 1786 fortunae
704 1732 835 1812 posset.
864 1719 962 1789 Missi
985 1733 1070 1790 sunt
1097 1729 1168 1788 tres
1190 1718 1314 1814 legati,

254 1831 290 1895 P.
311 1825 499 1912 lentitius,
521 1830 559 1894 A.
580 1827 784 1924 Postumius
799 1827 971 1915 Albinus,
989 1833 1028 1899 A.
1047 1829 1234 1898 Antonius.
1255 1829 1314 1897 Ni-

255 1935 305 2004 hil
320 1961 361 2005 ea
378 1934 555 2031 legatione
574 1935 773 2033 perfectum
793 1953 865 2024 est,
884 1944 1012 2010 Perseo
1029 1941 1165 2035 regium
1183 1943 1314 2008 nomen

254 2045 353 2114 omni
374 2047 407 2114 vi
427 2044 685 2140 amplectente,
702 2047 846 2134 Paullo,
866 2063 906 2118 ut
925 2073 962 2119 se
985 2073 1121 2144 suaque
1141 2048 1262 2118 omnia
1280 2049 1314 2115 in

254 2153 363 2225 fidem
379 2167 414 2224 et
434 2155 658 2225 clementiam
679 2157 805 2254 populi
819 2159 958 2228 romani
972 2159 1213 2255 penuitteret,
1235 2181 1315 2227 con·

256 2263 439 2335 tendente.

302 2380 344 2444 V.
371 2378 466 2442 Dum
501 2372 577 2443 haec
607 2389 773 2469 aguntur,
797 2377 917 2448 classis
938 2382 1002 2448 Cn.
1028 2377 1168 2447 Octavii
1192 2381 1314 2446 Samo·
1407 2445 1411 2451 ,

234 2483 415 2553 ¹thracam
440 2495 493 2552 est
524 2483 684 2580 appulsa.
711 2490 746 2554 Is
777 2511 947 2585 quoque,
977 2487 1144 2584 praesenti
1171 2485 1314 2556 admoto
1355 2520 1365 2540 ·

254 2609 411 2676 terrore,
431 2592 541 2662 modo
560 2591 687 2680 minis,
710 2595 818 2665 modo
843 2587 905 2693 spe
924 2589 1113 2694 pellicere,
1131 2608 1172 2665 ut
1191 2619 1227 2666 se
1250 2609 1315 2677 tra-

256 2703 380 2788 deret,
398 2725 510 2799 quum
532 2715 739 2788 conaretur,
757 2703 894 2799 adjuvit
911 2707 948 2774 in
967 2705 1038 2776 hoc
1057 2729 1140 2776 eum
1159 2729 1234 2790 res,
1254 2727 1315 2774 seu

257 2838 340 2884 casu
357 2826 538 2883 contracta
552 2823 575 2896 ¹,
595 2836 658 2881 seu
680 2815 841 2885 consilio.
866 2819 904 2885 L.
926 2816 1052 2886 Atilius
1072 2815 1218 2886 illustris
1236 2812 1316 2883 ado-

255 2924 414 3008 lescens,
431 2947 545 3019 quum
563 2923 599 2991 in
620 2925 795 2994 concione
819 2951 895 2996 esse
918 2927 1094 3024 populum
1114 2923 1315 2995 Samothra-

255 3057 337 3103 cum
364 3034 523 3104 animum
548 3032 777 3120 advertisset,
802 3060 821 3106 a
845 3035 1111 3134 magistratibus
1132 3036 1253 3132 petiit,
1278 3047 1316 3132 u't

256 3140 324 3210 sibi
354 3142 478 3238 paucis
508 3141 716 3237 alloquendi
745 3147 872 3243 populi
903 3162 1117 3243 potestatem
1148 3143 1313 3216 iacerent.

256 3252 457 3336 PermissO,
488 3257 612 3320 Uariam
640 3277 727 3338 noa,
760 3254 915 3352 hospites
941 3257 1210 3341 Samothraces,
1235 3277 1316 3324 vere

258 3365 479 3456 accepimus,
503 3387 551 3430 aa
565 3361 693 3452 falso,
718 3389 861 3435 sacram
885 3367 981 3437 lianc
1005 3367 1180 3452 insulam,
1203 3381 1239 3434 et
1255 3388 1316 3433 au-

256 3551 320 3601 vide
333 3569 388 3616 quae
400 3553 510 3617 exempla
525 3555 593 3603 vocis
606 3556 679 3617 hujus
691 3557 766 3604 Drak.
811 3561 888 3608 rantis
900 3562 1140 3628 fortunam-suam
1162 3559 1235 3610 stulte
1256 3561 1315 3608 eniiu

256 3632 369 3682 asserted
383 3631 408 3680 h.
421 3631 436 3680 l.
451 3634 496 3680 En.
537 3645 539 3652 ‘
811 3641 911 3689 Persem
920 3641 992 3690 titulo
1006 3642 1067 3708 regis
1076 3643 1103 3690 in
1113 3653 1178 3704 sorte
1189 3638 1316 3688 miserrima

258 3740 289 3750 -
305 3715 334 3758 In
342 3728 448 3776 parvam
461 3711 565 3760 insulam
578 3715 767 3764 Samothraciam
810 3735 869 3766 usus
883 3732 943 3776 erat.
955 3724 999 3770 Eu.
1048 3769 1049 3776 ,

258 3807 279 3839 c.
285 3790 346 3854 fani
355 3791 484 3855 religione,
497 3803 542 3840 etc.
553 3795 618 3842 conl.
629 3810 682 3858 cap.
695 3795 719 3842 5.
780 3847 786 3858 ,
847 3791 873 3838 5.
886 3792 980 3840 Privati
991 3792 1095 3838 noiainis
1113 3791 1198 3842 titulo.
1216 3804 1264 3836 non
1282 3803 1317 3832 re·

293 3877 318 3922 a.
327 3871 414 3932 Regem
426 3871 514 3916 Persea
526 3872 619 3920 causali
629 3873 717 3920 Paullo
727 3891 768 3920 sa·
812 3870 845 3932 gii
858 3871 1024 3935 inscriptione.

256 3947 328 3994 lucem
348 3947 400 3994 scil.
414 3946 508 4002 dicere,
528 3949 595 4012 quod
608 3949 634 3998 in
652 3961 699 3998 tam
708 3962 768 3998 nota
847 3950 909 3997 Car.
919 3950 951 3993 V.
965 3965 985 3996 1.
999 3949 1061 3996 Casa
1069 3959 1209 4005 contracta,
1222 3947 1317 4002 effecta,

257 4024 359 4084 formula
372 4026 500 4073 commode
512 4027 568 4073 satis
583 4028 701 4096 intelligi,
715 4046 768 4078 mo·
813 4028 957 4076 verantasse.
978 4055 1011 4065 -
1029 4027 1142 4074 Animum
1161 4025 1316 4078 advertisset,

201 4113 205 4122 ·
257 4114 317 4150 nent
327 4103 393 4150 nuk.
409 4113 433 4149 et
448 4103 524 4152 Drak.
536 4131 568 4141 -
578 4105 687 4154 Stultitia
702 4108 769 4172 igno·
814 4106 870 4155 side
883 4107 914 4154 ad
927 4108 1024 4165 XXIV,
1038 4107 1086 4163 48,
1097 4121 1121 4154 n
1138 4121 1162 4152 a.
