2970 4712
189 327 314 458 aguit
422 373 709 441 creunxtv.
738 370 981 442 serenan.
1154 370 1218 445 351

163 499 260 562 tbure
274 493 452 559 fumabant.
471 493 613 558 Lictores
633 491 846 578 satellitesque
866 491 1084 558 confluentem
1104 511 1225 562 temere

163 598 292 662 turbam
310 613 343 661 et
364 617 442 684 vage
463 595 695 658 discurrentem
717 609 958 657 summoventes
984 595 1145 678 emedio,
1168 619 1226 685 pa·

164 716 271 764 tentes
293 698 356 762 late
376 697 441 760 vias
466 688 646 782 manusque
663 694 858 784 praebebant
894 693 1009 775 Quum
1032 697 1066 759 in
1088 712 1172 778 tres,
1189 714 1227 762 ut

165 801 322 880 diximus,
335 797 403 862 dies
414 797 584 861 distributa
596 812 680 860 esset
691 817 811 884 pompa
822 797 1013 885 spectaculi,
1021 799 1145 886 primus
1159 799 1227 865 dies

62 971 66 980 ,
164 902 218 967 vix
234 901 362 966 suffecit
378 897 620 963 transvehendis
639 896 737 987 signis
753 896 937 983 tabulisque
956 898 1104 985 captivis,
1119 901 1152 964 in
1171 901 1230 966 du·

166 1005 277 1068 centos
297 1000 528 1090 quinquaginta
544 1021 659 1063 currus
674 998 842 1088 impositis.
859 997 1015 1084 Sequenti
1031 998 1098 1081 die,
1119 1002 1229 1066 multis

167 1103 316 1193 plaustris
338 1103 548 1183 translatum,
570 1097 729 1188 quidquid
754 1098 1039 1164 Macedonicorum
1062 1125 1227 1168 armorum

166 1205 422 1294 pulcherrimum
436 1218 468 1266 et
481 1201 833 1291 magnificentissimum
847 1200 926 1282 fuit,
942 1223 1013 1289 quae
1027 1218 1060 1266 et
1070 1204 1138 1292 ip'sa
1153 1206 1230 1270 ferri

167 1323 224 1371 aut
239 1305 309 1369 aeris
320 1325 431 1370 reeens
448 1305 523 1368 tersi
540 1303 645 1366 nitore
659 1301 889 1390 splendebant,
903 1303 991 1367 etita
1006 1320 1126 1370 structa
1140 1324 1231 1372 mant

167 1409 253 1475 inter
269 1429 322 1487 sc,
339 1422 491 1494 utquam
505 1404 677 1468 acervatim
697 1404 805 1490 potius
819 1405 1000 1486 cumulate,
1016 1429 1114 1493 quam
1132 1407 1232 1472 artifi-

169 1510 255 1572 ciose
278 1506 419 1597 digesta,
440 1505 638 1587 viderentur,
653 1505 768 1568 miram
788 1491 962 1591 quamdam
981 1506 1042 1571 hac
1059 1509 1233 1597 ipsavelut

169 1609 336 1674 temeraria
349 1624 382 1672 et
392 1607 526 1671 fortuite
539 1605 754 1670 concursione
768 1607 906 1693 speeiem
920 1607 1098 1689 objicerent
1111 1612 1231 1677 oculis:

170 1713 263 1802 galeae
278 1710 393 1791 scutis,
405 1725 439 1772 et
453 1708 560 1773 loricae
575 1707 693 1788 ocreis,
712 1723 744 1770 ct
760 1708 851 1794 pelte
867 1710 1015 1792 Creticoe,
1029 1725 1062 1774 et
1073 1711 1234 1778 Thracieoe

170 1807 500 1898 cenc‚etpha1ctrc
524 1807 729 1896 equestribus
755 1808 914 1895 permiste
932 1809 1049 1894 frenis,
1069 1813 1236 1902 strictique

83 1906 85 1910 ’
170 1911 267 2001 gladii
288 1911 365 1974 hinc
390 1909 467 1973 inde
491 1929 648 1974 mucrone
673 1925 784 1972 exerto
808 1909 966 1993 minaces,
984 1927 1017 1975 et
1039 1935 1058 1974 e
1074 1914 1235 1980 'lateribus
1299 1967 1310 1974 ..

171 2012 350 2076 eminentes
375 2011 506 2076 sariseae.
528 2012 636 2097 Atque
661 2009 730 2073 baec
753 2009 862 2073 omniu
884 2033 988 2098 quum
1010 2011 1111 2078 laxius
1128 2016 1236 2082 uncta

171 2116 255 2178 inter
274 2135 309 2178 se
327 2114 452 2194 forent,
472 2114 499 2176 si
518 2111 650 2200 quando
671 2111 706 2174 in
723 2112 963 2176 transvehendo
979 2114 1040 2178 sibi
1056 2115 1172 2182 mutuo
1189 2119 1236 2184 al·

171 2213 361 2296 liderentur,
380 2215 533 2278 martium
560 2212 733 2300 quemdam
751 2235 788 2276 ac
812 2213 989 2278 terribilem
1018 2215 1158 2282 edebant
1182 2243 1236 2284 so·

173 2339 271 2398 num,
294 2331 331 2378 ut
354 2337 396 2378 ne
416 2315 499 2380 victa
514 2314 648 2402 quidem
666 2314 811 2402 conspici
827 2331 982 2404 possent,
1005 2318 1075 2382 sinc
1093 2321 1236 2407 qnodani

173 2417 358 2480 animorum
371 2417 517 2481 horrore.
535 2418 620 2480 Tum
637 2433 753 2482 onusta
771 2431 905 2504 argento
919 2416 1045 2505 signato
1055 2441 1131 2483 vasa
1145 2423 1240 2509 quin·

174 2513 326 2608 quaginta
338 2538 436 2606 supra
448 2518 650 2607 septingenta
663 2516 799 2580 utribus
815 2516 958 2581 millibus
974 2517 1146 2583 hominum
1162 2513 1240 2609 por,-

174 2619 335 2684 tabantur.
348 2619 421 2682 Tria
432 2619 552 2682 talenta
565 2618 598 2681 in
612 2617 769 2706 singulis,
785 2639 803 2680 a
815 2618 980 2704 quaternis
994 2636 1115 2708 gestata
1129 2622 1238 2686 bomi-

176 2720 283 2784 nibus.
294 2721 396 2783 Erant
405 2735 440 2782 et
453 2719 510 2805 qui
525 2734 660 2782 crateras
674 2734 854 2807 argenteos,
868 2733 900 2781 ct
915 2719 1046 2806 phialas,
1062 2737 1095 2784 et
1106 2723 1237 2805 calices,

175 2835 210 2883 et
220 2841 344 2882 cornua
354 2819 518 2900 tenebant,
528 2825 599 2881 turn
612 2833 685 2905 apte
702 2818 786 2881 inter
801 2839 837 2881 se
847 2819 1011 2896 collocata,
1021 2820 1099 2906 [tum
1113 2823 1239 2910 magati-

176 2919 305 3001 tudine,
316 2935 349 3008 et
359 2918 520 3006 pondere,
533 2933 566 2986 et
581 2919 734 2982 exstantis
749 2918 919 3007 insigniter
935 2919 1090 2984 caelaturee
1105 2921 1240 2987 artificio

176 3021 363 3109 conspicua.
396 3019 506 3083 Tertio
531 3033 639 3082 autem
662 3018 715 3082 die
729 3017 850 3082 ducere
872 3039 988 3106 agmen
1006 3019 1112 3106 primo
1133 3022 1239 3085 statim

177 3143 271 3186 mane
287 3144 411 3210 coepere
432 3118 610 3201 tubicines,
631 3141 698 3183 non
718 3119 816 3186 festos
840 3119 1024 3182 solennium
1045 3141 1239 3210 pomparum

179 3221 304 3306 modos,
313 3224 370 3292 sed
383 3222 536 3288 bellicum
549 3236 709 3304 canentes,
722 3221 816 3308 quasi
832 3223 865 3284 in
879 3222 980 3285 aciem
994 3223 1239 3309 procedendum

179 3327 271 3391 foret.
284 3327 361 3390 Post
375 3326 436 3390 bos
449 3324 627 3414 agebantur
637 3323 792 3413 pingues,
807 3323 960 3387 cornibus
970 3324 1100 3407 auratis,
1110 3343 1142 3390 et
1152 3326 1240 3393 vittis

179 3428 336 3514 sertisque
359 3427 499 3494 redimiti
525 3426 625 3490 boves
642 3440 825 3522 eentum-et
848 3423 972 3514 viginti.
995 3425 1167 3490 Ducebant
1185 3449 1241 3492 eos

180 3527 277 3591 cincti
298 3527 409 3592 fasciis
424 3527 541 3592 exindo
559 3547 658 3615 opere
676 3525 771 3590 textis
787 3526 939 3608 juvenes,
963 3527 1082 3613 quibus
1106 3529 1241 3594 comites

180 3625 281 3692 additi
299 3627 391 3714 pueri
406 3643 531 3715 pateras
548 3647 660 3690 aureas
672 3643 908 3717 argenteasque
921 3628 1099 3716 gestabant.
1117 3631 1240 3718 Seque·

180 3727 301 3790 banmr
318 3726 360 3807 ii,
381 3728 438 3812 qui
459 3727 621 3816 signatum
638 3749 755 3792 amum
771 3728 805 3791 in
823 3727 905 3792 vasis
924 3745 1046 3816 septem
1063 3745 1096 3792 et
1110 3736 1240 3818 septuns

182 3829 270 3917 ginta
289 3827 450 3908 ferebant,
465 3849 605 3915 quoram
624 3828 900 3916 unumquodque,
918 3829 1192 3917 quemadmodum
1208 3851 1241 3902 ct

184 3951 238 4009 ea,
254 3928 421 4015 inquibus
439 3945 607 4018 argentum
624 3931 812 3994 translatum
832 3932 952 4014 fuerat,
973 3932 1033 3995 tria
1049 3933 1166 3997 talenta
1183 3935 1241 4000 ba·

184 4029 294 4096 hebete
306 4031 391 4092 Tum
401 4029 562 4094 visebatur
574 4051 662 4095 sacra
676 4032 782 4120 phiala
795 4031 906 4097 decem
923 4034 1118 4098 talentorum
1131 4038 1241 4124 pondo

186 4132 274 4209 auri,
289 4130 436 4220 pretiosis
457 4131 606 4198 distincta
629 4133 782 4222 gemmis,
800 4156 896 4219 quam
912 4133 1042 4200 Paullus
1065 4134 1242 4202 faciendam
1343 4181 1346 4186 -
