2982 4702
240 326 363 427 ῧςξςςξξ·
416 346 510 412 nm.
536 344 682 411 xmu.
711 345 815 413 cur.
843 346 985 414 xvul.
1008 349 1111 417 xix.
1205 351 1269 447 157

210 467 371 540 interdiu
397 479 583 560 noctuque
608 462 666 532 alii
689 462 766 534 aliis
788 463 1037 554 succedentes,
1061 491 1144 564 pars
1162 471 1273 544 scalas

118 629 123 636 .
210 580 340 665 muris,
355 580 472 675 ignem
487 576 601 672 portis
615 571 805 657 inferrent,
823 573 1046 646 sustinebant
1060 591 1179 649 tamen
1193 601 1271 651 eam

211 701 459 785 tempestatem
475 683 763 782 propugnatores
777 681 896 771 urbis3
914 684 998 779 quia
1016 710 1098 783 spes
1112 703 1203 777 erat,
1218 715 1274 762 ne

212 820 285 894 que
298 794 423 866 hiemis
432 796 503 864 vim
516 793 650 864 diutius
663 794 737 890 pati
748 791 963 864 Macedonas
974 795 1011 863 in
1023 791 1148 893 aperto
1158 823 1273 896 posse,

212 928 279 976 nec
300 903 346 975 ab
366 927 518 975 romano
536 901 633 974 bello
655 916 795 973 tantum
816 905 891 1000 regi
910 903 1100 977 laxamenti
1120 905 1217 996 fore,
1233 926 1275 982 ut
1305 945 1307 950 v

211 1029 333 1113 posset
361 1015 504 1084 morari.
535 1011 731 1102 Caeterum,
762 1028 952 1110 postquam
977 1015 1178 1116 vineasagi
1201 1034 1274 1090 tur-

211 1149 342 1222 resque
364 1125 509 1195 ex'citari
533 1122 723 1209 viderunt,
748 1123 840 1193 victa
861 1124 1055 1220 pertinacia
1074 1141 1137 1197 est.
1162 1131 1273 1215 Nam,

212 1249 449 1332 praeterquam
471 1231 572 1330 quod
592 1232 762 1303 adversus
781 1233 853 1302 vim
870 1256 973 1330 pares
990 1257 1065 1304 non
1085 1251 1205 1324 erant,
1227 1263 1274 1310 ne

212 1341 385 1414 frumenti
407 1343 553 1444 quidem
579 1356 642 1413 aut
669 1342 778 1412 ullius
805 1342 949 1414 alterius
972 1345 1027 1416 rei
1052 1348 1157 1444 copia
1176 1347 1274 1420 intus

214 1447 305 1540 crat,
329 1467 370 1523 ut
387 1454 425 1522 in
441 1452 656 1556 necopinata
673 1449 863 1530 obsidione
873 1455 900 1522 ⁴.
924 1457 1050 1550 Itaque
1067 1480 1181 1551 quum
1200 1459 1277 1555 spei

212 1563 304 1634 nibil
323 1563 368 1634 ad
385 1561 623 1634 resistendum
640 1577 749 1650 esset,
765 1567 803 1634 C.
825 1563 999 1635 Carvilius
1018 1566 1226 1662 Spoletinus
1240 1581 1277 1638 et

213 1678 251 1747 C.
267 1672 435 1746 Afranius
449 1698 468 1743 a
483 1671 647 1770 praesidio
660 1695 812 1745 romano
828 1674 941 1762 missi,
955 1675 1019 1771 qui
1032 1699 1052 1744 a
1065 1679 1195 1746 Perseo
1209 1699 1274 1774 pe·

168 1811 170 1817 ⁴
212 1797 348 1869 terent,
363 1785 494 1880 primo,
505 1796 547 1852 ut
558 1795 712 1852 armatos
727 1805 864 1878 suaque
876 1807 997 1854 secum
1012 1781 1166 1856 ferentes
1177 1785 1275 1857 abire

214 1895 365 1980 sineret,
387 1893 491 1982 dein,
511 1895 540 1964 si
564 1891 601 1964 id
623 1894 744 1963 minus
761 1893 1016 1990 impetrarent,
1037 1895 1117 1965 ritae
1134 1909 1275 1967 tantum

213 2001 459 2101 libertatisque
482 2001 592 2074 fidem
616 2004 819 2100 acciperent
829 1998 853 2071 ⁵.
875 2003 1095 2074 Promissum
1117 2003 1155 2074 id
1178 2003 1276 2076 beni·

213 2115 319 2211 gnius
339 2130 391 2186 est
414 2113 458 2186 ab
482 2139 585 2210 rege,
601 2137 718 2210 vquum
738 2113 948 2210 praestitum.
969 2114 1075 2184 Exire
1095 2115 1192 2184 enim
1212 2139 1276 2186 sua

212 2249 335 2296 secum
360 2221 593 2296 efferentibus
614 2223 719 2318 jussis
732 2222 890 2318 primum
910 2245 1008 2292 arma
1025 2217 1191 2293 ademit⁶.
1213 2225 1274 2294 His

212 2333 304 2404 urbe
318 2333 482 2431 egressis,
498 2347 534 2403 et
545 2333 752 2428 Illyriorum
767 2330 897 2403 cohors
908 2331 924 2425 (
937 2331 1126 2428 quingenti
1137 2333 1274 2429 erant),

214 2458 249 2516 et
264 2448 485 2516 Uscanenses
498 2468 536 2516 se
551 2443 754 2540 urbemque
767 2442 994 2516 dediderunt.

260 2558 352 2624 XIX.
374 2559 544 2640 Perseus,
563 2553 729 2650 prasidio
750 2555 895 2624 Uscanae
915 2555 1102 2651 imposito,
1116 2555 1275 2626 multitu·

213 2663 334 2736 dinem
357 2688 503 2735 omnem
526 2662 750 2751 deditorum,
768 2688 849 2761 qua
869 2687 984 2762 prope
1005 2688 1158 2736 numero
1181 2688 1275 2736 exer·
1315 2653 1318 2676 ’

213 2775 325 2844 citum
336 2772 501 2871 aequabat
512 2785 536 2860 ¹,
550 2772 740 2845 Stuberam
755 2771 912 2844 abducit.
927 2771 1276 2870 IbiRomanis(qua·
1359 2759 1362 2764 ⁵

213 2896 297 2955 tuor
309 2877 418 2954 millia
431 2897 550 2953 autem
566 2882 755 2953 bominum
770 2896 872 2954 erant
885 2884 914 2973 ),
928 2896 1057 2978 praeter
1071 2883 1272 2979 principes,

212 2995 251 3062 in
270 2993 469 3065 custodiam
487 2995 683 3064 civitatium
700 2990 835 3079 divisis,
855 2987 1121 3062 Uscanensibus
1128 2991 1276 3087 ‘Illyriis-

214 3128 285 3201 quc
303 3104 475 3193 venditis,
494 3105 531 3173 in
551 3103 750 3174 Penestiam
771 3103 966 3172 exercitum
988 3099 1127 3172 reducit
1141 3100 1185 3172 ad
1198 3105 1274 3172 an-

249 3293 273 3341 4.
306 3289 338 3333 Ut
357 3286 382 3332 in
411 3286 557 3348 necopinata
577 3283 719 3341 absidiam
766 3284 814 3332 Sed
833 3283 922 3349 quibus
940 3284 1033 3342 verbis,
1047 3300 1102 3347 quae
1120 3285 1274 3341 exciderunt,

213 3364 270 3412 vide
281 3365 313 3412 ed
321 3367 396 3422 vm,
412 3364 459 3423 30,
470 3382 497 3413 n.
512 3381 536 3425 7.
765 3374 885 3428 concepta
897 3363 1000 3421 fuerim,
1019 3363 1071 3411 aine
1080 3379 1128 3428 ope
1135 3364 1274 3429 integr-Ionis

249 3444 275 3491 5.
287 3445 350 3492 Vitae
360 3455 378 3493 t.
394 3443 496 3511 Isidem
504 3445 658 3510 acciperent:
668 3444 720 3494 vid.
766 3447 811 3496 MS
822 3446 872 3496 dici
883 3461 936 3494 non
943 3455 1035 3509 potest.
1045 3445 1091 3492 Ea.

213 3522 469 3585 11111‚19,n.10.
722 3553 740 3578 μ
799 3527 943 3575 Caram.
958 3541 978 3572 r.
999 3525 1059 3586 Quoe
1077 3540 1156 3588 prope
1174 3541 1273 3574 numero

248 3601 275 3649 6.
303 3602 410 3649 Primum
434 3619 506 3650 arma
528 3602 639 3660 adomim
661 3601 721 3665 quid
765 3605 898 3652 exereitum
919 3603 1054 3668 aquabat,·
1073 3603 1156 3666 potius
1175 3619 1272 3667 supere·

212 3683 318 3742 portet?
331 3680 490 3745 Juugejusris
495 3681 616 3754 primum,
631 3692 673 3729 aut
683 3692 722 3728 ta·
765 3685 815 3740 vit,
833 3694 858 3731 et
870 3683 1012 3730 incredibile
1029 3692 1066 3729 est
1079 3681 1141 3743 iere,
1151 3692 1188 3729 tot
1197 3682 1272 3730 millia

213 3779 267 3810 naen
285 3763 338 3827 Iege
360 3777 407 3826 pro
421 3761 536 3824 primum.
554 3762 665 3808 Alterum
679 3761 720 3808 hic
764 3762 870 3810 militurn
882 3777 943 3810 rom.
957 3776 983 3806 se
995 3772 1044 3808 tam
1057 3759 1127 3806 Iecile
1137 3760 1224 3808 Perseo
1231 3760 1273 3808 de-

213 3842 331 3890 cretionis
340 3841 474 3889 membrum
486 3839 616 3897 excidisse,
625 3855 676 3903 quo
685 3841 721 3886 Li·
736 3831 738 3838 ’
765 3840 855 3888 didisse
865 3854 871 3886 :
884 3840 946 3887 forte
955 3854 1015 3886 mox
1023 3838 1069 3900 leg.
1080 3836 1128 3884 duo
1139 3839 1216 3886 millia
1226 3873 1234 3896 ,
1245 3847 1273 3886 ut

212 3921 267 3968 vius
276 3918 459 3985 significaverit,
471 3917 539 3982 quod
550 3935 580 3965 ex
593 3935 644 3983 seq.
664 3934 719 3982 cap.
765 3920 824 3966 1111
832 3921 865 3966 Μ.
876 3935 907 3966 ex
922 3919 979 3964 ΜΜ
993 3918 1082 3964 Iactum
1100 3915 1142 3981 sit)
1151 3918 1197 3964 etsi
1214 3918 1273 3966 mel-

119 4017 122 4024 ·
214 4011 343 4064 appareat,
364 4001 489 4048 Romanos
507 4013 520 4044 r
540 4012 595 4062 rege
617 4008 723 4046 retentos
765 3998 815 4045 Iem
826 3995 1274 4060 mille,-Dmk.-Proeterpn'neipes,·
1335 3997 1339 4002 '

215 4094 279 4136 esse.
300 4077 484 4141 suspicabantur
497 4077 594 4126 Crever.
608 4089 633 4126 et
646 4076 723 4125 Drek.
767 4076 998 4140 principes‘rrempe
1020 4089 1102 4122 secum
1123 4074 1225 4134 babuit,
1248 4083 1276 4121 ut
