2976 4712
383 432 384 435 γ
457 375 727 482 alanorum
755 375 898 450 mvn.
1133 387 1199 486 387
1225 379 1227 386 “

144 521 278 594 puero,
293 495 410 567 adhuc
423 499 461 566 in
479 499 581 569 cunis
601 501 739 595 posito,
760 515 868 598 caput
887 504 1013 575 arsisse
1031 507 1202 583 traditum

145 621 208 678 est.
234 608 401 678 Veientes
428 621 536 702 atque
560 611 729 680 Etruscos
756 610 879 707 praelio
907 611 1010 683 firdit.
1046 619 1203 691 Censum
1248 693 1250 698 ,

144 717 283 813 primus
311 717 392 813 egit.
424 721 595 787 Lustrum
622 717 806 806 condidit,
835 745 910 816 quo
934 723 1064 794 civium
1090 731 1205 828 capita

145 851 251 898 censa
274 828 455 924 octoginta
476 826 588 924 millia
610 851 685 898 esse
714 829 892 900 dicuntur.
911 831 1057 903 Classes
1078 854 1204 910 centu.

144 937 287 1032 riasque
310 936 505 1033 descripsit.
527 938 744 1007 Pomoerium
766 940 928 1035 protulit.
955 943 1075 1016 Colles
1094 948 1205 1037 Urbi,

147 1045 386 1133 Quirinalem,
400 1044 631 1134 viminalem,
645 1047 943 1146 Esquilinumque
958 1053 1095 1148 adjecit.
1107 1049 1206 1130 Tem-

133 1154 248 1252 plum
260 1155 384 1224 Dianae
397 1178 479 1224 cum
494 1156 629 1225 Latinis
642 1158 680 1225 in
693 1159 871 1227 Aventino
884 1157 977 1231 fecit.
992 1165 1206 1240 Interiectus

147 1279 200 1334 est
218 1268 289 1333 aL.
306 1264 520 1359 Tarquini0,
537 1264 643 1334 Prisci
662 1263 756 1352 filio,
776 1267 925 1338 consilio
939 1269 1019 1340 filiae
1039 1297 1109 1344 suae
1123 1278 1207 1349 Tul·

147 1373 220 1457 liae,
239 1396 353 1469 quum
368 1387 547 1468 regnasset
560 1397 673 1444 annos
688 1375 924 1472 quadraginta
942 1396 1107 1475 quatuor.
1124 1390 1208 1458 Post

147 1482 245 1552 hunc
260 1488 298 1552 L.
315 1482 529 1578 Tarquinius
549 1481 750 1579 Superbus,
773 1508 892 1580 neque
907 1490 1071 1579 Patrum,
1090 1517 1208 1590 neque

139 1593 274 1690 'populi
286 1591 406 1686 jussu,
429 1616 582 1688 regnum
601 1590 749 1662 invasit:
770 1619 845 1689 quo
863 1594 920 1666 die
942 1599 1111 1672 scelerata
1125 1605 1209 1675 Tul·

149 1702 194 1774 lia
209 1728 274 1801 per
287 1705 396 1800 patris
407 1703 558 1797 jacentis
575 1726 707 1798 corpus
722 1719 932 1800 carpentum
947 1710 1029 1802 egit.
1045 1713 1210 1784 Armatos

148 1814 239 1882 circa
266 1835 303 1882 se
329 1810 373 1880 ad
402 1810 598 1882 custodiam
623 1813 783 1908 corporis
806 1814 862 1882 sui·
886 1813 1022 1887 habuit.
1048 1822 1209 1893 Turnum

147 1921 370 1992 Herdonium
388 1920 513 1991 fraude
531 1922 723 1991 interemit.
740 1921 877 1992 Bellum
893 1949 975 1994 cum
987 1927 1124 2001 Volscis
1139 1955 1213 2027 ges·
1284 1930 1290 1940 ’
1384 1976 1388 1984 ·

148 2034 210 2118 sit,
227 2045 321 2100 etex
338 2055 462 2101 eorum
481 2030 600 2127 praeda
618 2031 794 2128 templum
807 2035 886 2102 Jovi
904 2036 941 2103 in
963 2039 1139 2134 Capitolio
1158 2034 1210 2113 fess

149 2142 206 2213 cit.
227 2143 416 2212 Terminus
432 2157 468 2212 et
488 2147 655 2212 iuventas
672 2165 748 2210 non
764 2140 931 2213 addixere
948 2171 956 2211 ε
973 2171 1128 2242 quorum
1144 2176 1212 2222 arae

148 2253 286 2321 moveri
308 2276 382 2321 non
403 2265 612 2349 potuerunt.
631 2250 709 2319 Filii
733 2254 810 2321 Sex.
833 2257 1017 2350 Tarquinii
1036 2257 1121 2330 dolo
1143 2264 1212 2332 Ga·

149 2359 260 2430 bios
252 2385 289 2429 rn
313 2373 544 2457 potestatem
548 2385 628 2430 suas
650 2359 790 2470 redigit
812 2367 925 2458 Hujus
948 2363 1029 2435 filiis
1052 2370 1213 2468 Delphos

149 2467 342 2566 profectis,
368 2485 405 2540 et
428 2469 720 2556 consulentibus,
747 2472 828 2565 quis
855 2496 980 2542 eorum
1000 2494 1213 2603 regnaturus
1309 2465 1330 2478 χ’

151 2594 243 2650 esset
262 2584 403 2666 Romae,
423 2577 557 2648 dictum
579 2592 653 2664 est,
676 2603 759 2648 eum
775 2594 900 2676 regnat
899 2599 1008 2652 urum
1020 2590 1117 2682 ,qui
1138 2592 1212 2685 pri-

150 2714 229 2759 mus
247 2705 398 2758 matrem
420 2687 599 2758 osculatus
618 2703 721 2758 esset.
739 2690 863 2777 Quod
860 2714 1079 2786 responsum
1099 2721 1213 2792 quum

151 2800 220 2894 ipsi
239 2798 369 2867 aliter
361 2811 703 2892 rnterpretarentur,
726 2799 854 2866 'lunius
874 2803 1025 2888 Brutus,
1049 2805 1211 2897 quicum

151 2908 192 2976 iis
209 2901 398 3002 profectus
413 2918 505 2992 erat,
529 2904 738 3001 prolapsum
755 2928 792 2975 se
812 2907 1008 2996 simulavit,
1027 2925 1063 2981 et
1081 2927 1210 2985 terram

152 3015 333 3087 osculatus
354 3029 423 3084 est:
441 3013 550 3110 idque
564 3012 698 3083 factum
713 3015 791 3108 ejus
812 3031 961 3088 eventus
974 3021 1027 3090 rei
1044 3025 1213 3120 compro-

151 3125 261 3195 bavit.
283 3128 372 3196 Nam
394 3147 527 3219 quum,
556 3124 774 3219 impotenter
796 3148 833 3194 se
861 3127 1038 3221 gerend0,
1063 3134 1231 3229 Tarqui:

152 3236 234 3305 nius
254 3231 440 3329 Superbus
456 3233 581 3302 omnes
594 3232 632 3300 in
645 3230 771 3301 odium
790 3235 845 3302 sui
856 3234 1081 3327 adduxisset,
1096 3241 1141 3311 ad
1156 3243 1211 3314 ul·

152 3346 297 3431 timum,
316 3359 466 3441 propter
484 3357 720 3439 expugnatam
745 3358 921 3414 nocturna
936 3348 971 3414 vi
985 3372 1004 3417 a
1018 3354 1125 3421 Sexto
1139 3350 1213 3424 filio
1332 3415 1335 3424 ,

154 3453 231 3548 ejus
252 3455 426 3524 Lucretiae
450 3451 657 3549 pudicitiam
688 3452 814 3549 (quac,
834 3472 961 3526 vocato
984 3475 1084 3555 patre
1110 3462 1155 3532 ad
1175 3489 1213 3535 se

153 3561 361 3657 Tricipitino
377 3576 412 3630 et
425 3563 502 3631 viro
513 3561 692 3632 Collatino
702 3616 711 3649 ,
722 3561 914 3650 obtestata,
928 3590 974 3636 ue
990 3568 1103 3641 inulta
1116 3595 1213 3643 mors

154 3684 263 3755 esset,
278 3670 394 3739 cultro
409 3693 445 3740 se
459 3670 662 3765 interemit)
679 3673 780 3740 Bruti
792 3677 905 3794 ¹opera
920 3677 1072 3749 maxime
1086 3681 1214 3777 expul-
1252 3679 1254 3684 ’

155 3804 215 3850 sus
229 3795 282 3850 est
293 3803 431 3875 ,quum
446 3777 628 3875 regnasset
648 3781 904 3878 annosviginti
924 3787 1096 3882 quinque.
1114 3794 1215 3862 Tunc

155 3887 319 3960 consules
348 3889 505 3984 primum
539 3890 647 3958 creati
677 3906 761 3961 sunt
792 3894 830 3960 L.
858 3893 985 3964 iunius
1018 3900 1148 4014 Brutus
1178 3916 1214 3971 et

156 4003 195 4069 L.
216 3998 429 4093 Tarquinius
452 3997 659 4068 Collatinus

1016 4215 1071 4287 25.
