2984 4706
209 351 336 457 2:233:
407 371 557 438 omna
590 374 729 440 xciv.
758 371 867 437 aar.
891 371 1016 438 xxn.
1177 400 1246 474 209

183 521 200 554 «
215 493 346 579 donia;
369 489 433 561 ubi
457 489 586 562 horrea
608 490 797 588 ponenda;
824 515 897 587 qua
919 506 1031 581 terra,
1052 496 1143 565 mari
1164 500 1247 572 sub-

182 632 200 666 «
215 602 392 672 vehantur
423 615 664 688 commeatus3
695 599 842 697 quando
875 625 957 672 curn
986 603 1088 675 hoste
1119 629 1247 682 manus

182 710 465 797 «conserendae;
487 708 634 806 quando
664 709 922 806 quiescendum
949 712 1003 781 sit.
1037 705 1132 800 Nec,
1159 721 1247 814 quid
1291 812 1296 819 Ι

182 852 199 887 a
213 822 341 894 melius
374 819 578 892 faciendum
606 821 668 908 sit,
694 820 804 891 modo
829 833 1005 908 statuunt,
1035 824 1113 913 sed,
1140 830 1243 923 quid-

181 962 200 998 α
214 931 302 1028 quid
320 931 432 1018 aliter,
452 955 562 1026 quam
577 931 645 1026 ipsi
662 954 854 1016 censuere,
875 927 1009 1000 factum
1028 947 1099 1020 est,
1118 959 1246 1008 consu·

182 1072 199 1105 «
215 1042 284 1112 iem
308 1041 419 1114 veluti
443 1040 538 1112 dicta
558 1039 615 1110 die
635 1055 811 1112 accusant.
836 1045 918 1110 Haec
942 1065 1070 1138 magna
1094 1046 1245 1142 impedi-

180 1167 332 1224 «menta
349 1145 415 1224 'res
443 1150 650 1248 gerentibus
676 1165 781 1220 sunt:
807 1174 875 1221 nec
899 1151 995 1220 enim
1022 1175 1148 1224 omnes
1173 1171 1243 1226 tam

181 1291 199 1325 ι(
211 1260 304 1331 firmi
322 1277 358 1332 et
374 1262 569 1332 constantis
584 1261 693 1329 animi
712 1275 837 1330 contra
859 1259 1047 1331 adversum
1060 1287 1246 1338 rumorem

180 1395 287 1443 «esse
305 1386 477 1470 possunt,
495 1393 603 1466 quam
628 1368 758 1440 Fabius
781 1367 849 1440 suit
859 1365 885 1454 ⁵,
910 1371 975 1465 qui
999 1394 1105 1442 suum
1130 1375 1245 1473 impe-

181 1511 198 1545 «
212 1483 307 1552 rium
325 1483 441 1551 minui
462 1505 534 1577 per·
548 1479 738 1550 vanitatem
756 1478 883 1576 populi
903 1479 1043 1566 maluit,
1063 1507 1172 1578 quam
1192 1480 1258 1558 se?

74 1582 76 1586 ’
180 1619 198 1654 (ι
212 1591 330 1662 cunda
347 1589 440 1662 fama
459 1589 552 1659 male
575 1613 650 1658 rem
670 1597 802 1686 gerere.
822 1591 906 1658 Non
927 1591 1069 1679 sumis,
1086 1595 1149 1689 qui
1170 1621 1244 1667 non

181 1700 411 1770 «existimem
426 1698 673 1770 admonendos
689 1698 798 1770 duces
818 1723 915 1771 esse:
931 1702 1043 1773 immo
1061 1728 1165 1794 eum,
1181 1711 1244 1803 qui

179 1841 197 1876 a
211 1810 257 1880 de
278 1834 341 1880 sua
362 1811 469 1879 unius
491 1810 666 1880 sententia
686 1809 808 1880 omnia
831 1827 950 1906 gerat,
971 1811 1169 1910 superbum
1187 1817 1243 1912 ju-

180 1949 197 1984 «
213 1921 294 1992 dico
309 1923 418 2015 magis
433 1943 541 2016 quam
555 1920 762 2017 sapientem.
774 1919 871 2009 Quid
887 1945 973 2019 ergo
990 1923 1064 1994 est?
1084 1927 1242 1998 Primum
1336 1913 1338 1930 ⁸

119 2020 123 2034 '
178 2061 196 2095 «
211 2053 231 2102 a
245 2028 503 2129 prudentibus,
519 2045 555 2100 et
563 2031 708 2127 proprie
717 2031 769 2100 rei
781 2031 941 2104 militaris
953 2033 1076 2130 peritis
1085 2031 1113 2122 ⁶,
1128 2051 1164 2106 et
1176 2063 1248 2119 usu,

179 2171 196 2206 (ι
212 2142 338 2228 doctis,
353 2140 527 2211 monendi
536 2141 769 2238 imperatores
782 2157 885 2230 sunt;
898 2141 1029 2215 deinde
1043 2143 1089 2215 ab
1104 2143 1172 2235 his,
1180 2150 1245 2244 qui

178 2253 388 2322 «intersunt
405 2250 598 2347 gerendis*
620 2249 723 2339 loen,
745 2253 809 2349 qui
834 2253 994 2337 hostem,
1018 2256 1082 2350 qui
1101 2270 1243 2355 tempo·

179 2392 195 2425 «
210 2385 290 2432 rum
310 2362 615 2459 opportunitatem
635 2361 776 2449 vident,
791 2364 854 2458 qui
869 2363 906 2432 in
921 2363 1049 2435 eodem
1065 2367 1162 2438 velut
1181 2393 1243 2441 na-

178 2501 196 2535 «
210 2473 304 2567 vigio
321 2472 511 2569 participes
525 2486 610 2541 sunt
625 2473 784 2568 periculi.
799 2476 924 2568 ltaque
938 2475 968 2542 si
982 2476 1063 2570 quis
1077 2493 1145 2560 est,
1163 2481 1242 2574 qui,

178 2581 310 2677 «quod
329 2606 349 2651 e
367 2579 552 2679 republica
574 2582 639 2667 sit,
663 2581 812 2652 suadere
833 2606 870 2652 se
890 2583 979 2652 mibi
997 2585 1034 2654 in
1057 2609 1101 2656 eo
1126 2585 1243 2678 hello,

177 2720 195 2755 a
210 2691 310 2788 quod
336 2705 500 2787 gesturus
526 2715 626 2777 sum,
651 2689 829 2778 confidat;
852 2717 898 2762 ne
922 2693 1075 2788 deneget
1094 2720 1240 2792 operam

177 2799 432 2899 «reipublicae,
453 2816 489 2871 et
503 2803 540 2870 in
559 2800 806 2872 Macedoniam
820 2825 961 2872 mecum
978 2805 1117 2874 veniat:
1133 2830 1241 2895 nave,

175 2943 192 2976 a
207 2937 323 3009 equo,
337 2909 588 2995 tabernaculo,
608 2912 736 2980 viatico
757 2912 863 2981 etiam
884 2936 980 2982 ame
992 2913 1184 3005 juvabitur.
1204 2919 1240 2985 Si
1328 2907 1332 2927 '

176 3051 193 3086 a
207 3045 317 3119 quem
335 3020 372 3090 id
393 3019 508 3090 facere
529 3022 646 3117 piget,
665 3036 701 3090 et
718 3020 831 3089 otium
852 3019 1031 3090 urbanum
1045 3023 1177 3093 mititiae
1194 3025 1240 3094 la-

176 3131 360 3203 «boribus
380 3144 574 3228 praeoptat,
595 3155 614 3198 e
635 3143 729 3198 terra
749 3153 795 3199 ne
814 3125 1076 3224 gubernaverit.
1095 3135 1237 3202 Sermo-

176 3272 193 3307 «
208 3267 296 3312 num
312 3243 393 3312 satis
409 3242 486 3337 ipsa
498 3238 635 3336 praebet
642 3235 740 3308 urbs.
757 3239 1022 3333 Loquacitntem
1037 3263 1136 3309 suam
1156 3267 1237 3324 con:

175 3382 192 3415 «
206 3351 341 3421 tineat:
364 3375 432 3420 nos
455 3345 694 3420 castrensibus
712 3347 869 3418 consiliis
887 3362 1076 3419 contentos
1097 3349 1238 3423 futuros

174 3492 191 3526 ε(
206 3485 281 3534 esse
308 3461 442 3532 sciat.»
466 3457 521 3528 Ab
546 3457 612 3529 hac
639 3453 829 3544 concione,
851 3459 1003 3546 Latinis,
1026 3484 1105 3556 quae
1122 3462 1237 3558 pridie
1312 3507 1315 3522 ·

127 3639 131 3645 ¹
174 3665 216 3699 sur
225 3661 306 3698 tontes
317 3648 352 3696 les
365 3645 476 3704 rideres,
492 3647 535 3694 des
548 3660 632 3696 tontes
643 3664 681 3696 se·
727 3662 811 3694 versus
827 3645 933 3694 celebres
948 3645 1021 3692 Ennii
1039 3647 1104 3710 apud
1118 3647 1171 3696 Cic.
1182 3649 1234 3696 Osi.

174 3727 321 3778 critesdans
332 3726 456 3774 tontesles
469 3736 624 3788 montagnes,
640 3727 683 3773 des
727 3728 755 3785 1,
769 3734 816 3785 aa,
835 3725 899 3772 etde
913 3727 1006 3772 Senect.
1020 3733 1048 3782 t,
1065 3738 1148 3774 monet
1159 3728 1234 3778 Drak.

173 3807 294 3871 megasius
315 3804 441 3851 immensos
463 3803 524 3850 dans
548 3805 582 3850 ies
605 3804 683 3852 sables
763 3803 787 3853 6.
798 3801 941 3866 Proprierci
949 3802 1061 3850 militaris
1068 3803 1166 3867 peritis,
1176 3824 1238 3870 pre.

172 3885 297 3941 brdiants3
306 3883 323 3930 ii
331 3897 362 3931 ue
371 3881 424 3928 leur
434 3888 536 3943 meoque
545 3897 592 3944 que
602 3883 624 3928 ie
633 3882 684 3930 bon
729 3883 808 3947 cipue.
818 3881 891 3931 Conf.
902 3881 1032 3930 Ruhnken.
1044 3883 1075 3930 ad
1083 3884 1144 3932 velt.
1156 3888 1195 3944 ll,
1208 3903 1233 3950 9.

174 3980 231 4012 sens
241 3985 261 4009 n.
275 3963 321 4008 En.
729 3989 762 3998 -
776 3960 824 4023 Qui
832 3960 1068 4024 intersuntgerendis
1078 3959 1183 4025 (rebus),
1194 3967 1238 4028 qui

211 4044 235 4090 5.
247 4041 338 4088 Contra
354 4040 480 4088 adversam
499 4053 618 4088 rumorem
636 4055 686 4087 erse
730 4041 800 4095 loca,
813 4038 970 4103 qreihostem,
983 4049 1030 4087 eto.
1042 4041 1107 4100 conj.
1119 4043 1240 4105 Sigames

170 4130 289 4186 possunt,
309 4135 384 4183 quam
404 4117 494 4167 Fabius
505 4115 574 4181 fuit,
599 4119 686 4184 respici
731 4117 1093 4194 Drak.ConI.adXX11,38.

275 4211 378 4277 VIII.
1080 4208 1120 4290 14
