2970 4712
243 292 312 390 296
659 293 697 358 r.
731 292 868 358 mvn
948 339 951 345 .
1145 269 1266 372 33:333:

241 426 336 497 erat3
352 425 388 481 et
406 410 546 480 Calatiae
563 412 601 479 iu
623 409 776 506 publico
788 435 872 505 agro
891 413 937 480 Μ.
952 411 1112 481 Valerius
1132 413 1217 482 civis
1232 437 1291 482 ro-

241 545 368 604 manus
386 518 573 590 nuntiabat
593 544 612 590 e
634 517 717 589 foco
734 544 801 589 suo
822 521 1030 616 sanguinem
1051 520 1291 618 pertriduum

240 646 277 701 et
297 630 385 700 duas
406 643 528 700 noctes
547 652 716 698 manasse.
741 627 798 698 Ob
821 628 856 698 id
875 630 1027 700 maxime
1045 629 1234 728 decemviri
1251 631 1292 699 li-

239 737 325 812 bros
349 737 446 808 adire
464 737 553 830 jussi
562 733 590 820 θ,
610 736 906 834 supplicationem
924 740 960 808 in
981 738 1077 810 diem
1095 765 1209 810 unum
1229 765 1291 837 po-

238 847 326 946 pulo
341 847 550 933 edixerunt,
564 860 600 915 et
612 847 871 942 quinquaginta
885 849 1001 944 capris
1015 849 1052 918 in
1071 846 1150 918 foro
1167 847 1293 919 sacrifi-

240 970 420 1026 caverunt.
435 959 479 1025 Et
494 955 645 1026 aliorum
658 955 902 1052 prodigiorum
918 981 1022 1027 causa
1035 958 1130 1028 diem
1144 958 1292 1028 alterum

135 1077 138 1084 '
240 1066 452 1164 supplicatio
469 1064 562 1135 circa
576 1065 698 1133 omnia
710 1064 909 1161 pulvinaria
927 1063 1015 1153 luit,
1033 1080 1069 1136 ct
1085 1065 1210 1136 hostiis
1223 1091 1295 1135 ma-

238 1174 378 1270 joribus
392 1172 627 1245 sacrificatum
641 1187 714 1259 est,
728 1186 764 1242 et
777 1172 872 1246 Urbs
886 1173 1065 1244 lustrarat.
1080 1173 1184 1260 Inde,
1196 1173 1295 1270 quod

240 1284 486 1355 adhonorem
507 1282 615 1353 deum
637 1282 890 1354 immortalium
910 1285 1122 1380 pertineret,
1141 1282 1296 1354 decrevit

241 1407 403 1479 senatus,
426 1399 486 1478 Ut,
506 1398 677 1488 quoniam
685 1391 889 1488 perduelles
906 1399 1080 1489 superati,
1100 1398 1249 1462 Perseus
1265 1409 1298 1462 et

247 1510 394 1576 Gentius
411 1528 509 1598 reges
526 1528 607 1573 cum
621 1503 838 1573 Macedonia
859 1519 967 1600 atque
985 1502 1124 1596 Illyrico
1145 1509 1181 1572 in
1188 1518 1296 1600 pote-

242 1630 332 1684 state
333 1613 469 1711 populi
478 1618 623 1682 romani
627 1629 758 1699 essent,
771 1629 826 1697 ut,
838 1629 977 1711 quanta
986 1613 1099 1698 dona,
1108 1617 1189 1711 Ap„
1197 1613 1297 1684 Clau·

242 1726 323 1808 dio,
351 1729 401 1793 M.
424 1727 633 1820 Sempronio
654 1721 876 1820 consulibus,
900 1722 946 1792 ob
970 1723 1144 1809 devictum
1167 1725 1295 1793 Antio-

243 1835 351 1904 chum
369 1858 488 1928 regem
506 1834 595 1903 data
613 1833 666 1912 ad
681 1839 804 1902 omnia
815 1831 1022 1927 pulvinaria
1042 1848 1175 1918 essent,
1197 1848 1298 1902 tanta

247 1948 291 2033 Q.
314 1947 452 2014 Cassius
471 1959 507 2012 et
522 1943 587 2012 Μ’.
606 1947 787 2012 luventius
796 1958 968 2037 praetores
982 1958 1150 2011 curarent
1163 1942 1295 2011 danda.

292 2055 403 2122 XVII.
424 2056 574 2147 Legatos
592 2051 740 2137 deinde,
758 2076 913 2147 quorum
930 2051 975 2122 de
993 2053 1168 2122 sententia
1183 2053 1298 2148 impe-

244 2174 380 2230 ratores
396 2166 434 2230 L.
451 2160 612 2244 Paullus,
629 2164 667 2229 L.
684 2161 829 2231 Anicius
851 2175 1113 2258 componerent
1125 2171 1216 2246 res.¹‚
1235 2161 1297 2230 de-

245 2284 435 2340 creverunt
455 2267 579 2339 decem
602 2270 639 2339 in
659 2269 926 2358 Macedoniam,
943 2271 1110 2365 ,quinque
1130 2270 1166 2338 in
1185 2268 1298 2365 lllyri-

245 2520 319 2568 llrbis
331 2519 449 2583 putebant
466 2520 571 2584 Scaliger
591 2533 616 2568 et
628 2521 750 2570 Drakenb.
796 2522 946 2586 (ἷιιιιριιιίιιι,
968 2521 1037 2582 cujum
1056 2536 1122 2583 ager,
1146 2519 1299 2582 quemadmo-

246 2598 303 2645 vide
311 2598 343 2645 ad
348 2601 433 2657 XLII,
444 2615 488 2656 ιο,
497 2616 522 2646 ιι.
532 2600 556 2646 3.
565 2599 610 2646 Ille
619 2600 714 2648 emend.
726 2599 751 2646 iu
797 2600 854 2648 dum
865 2612 889 2648 et
900 2601 1006 2663 Capuae,
1017 2599 1130 2663 publicus
1140 2598 1216 2645 fectus
1224 2598 1300 2644 fuerat

246 2676 335 2742 oppido
352 2676 466 2724 Minervii
473 2675 485 2740 (
492 2677 535 2725 sed
550 2678 583 2726 ita
597 2677 680 2725 livius
694 2694 752 2726 mox
796 2679 881 2743 populi
890 2679 992 2726 romani.
1003 2681 1026 2726 ls
1035 2677 1110 2740 igitur
1121 2691 1177 2739 ager
1185 2676 1301 2723 fruendus

238 2755 309 2820 fines
325 2765 367 2802 eut
381 2752 463 2802 nalvoe
479 2755 578 2803 dixisset
595 2772 642 2820 pro
660 2769 751 2820 portoe,
795 2755 920 2804 iocabatur
930 2755 1025 2802 colonie
1034 2771 1047 2801 ιι
1057 2753 1205 2805 censoribus.
1217 2756 1301 2802 mv·-

246 2833 380 2898 ctparietr's
392 2849 438 2898 pro
449 2834 539 2898 metri),
549 2834 591 2882 hie
601 2834 696 2882 veroin
710 2851 752 2898 op·
795 2834 883 2895 letius,
896 2836 987 2898 dequo
1004 2834 1045 2882 hie
1063 2834 1150 2898 agitur,
1160 2850 1223 2882 unus
1235 2834 1299 2881 vide·

242 2913 305 2977 pido
315 2912 441 2968 Minervae,
450 2930 484 2960 ec.
495 2913 572 2971 aedee,
586 2913 623 2961 vel
632 2913 715 2976 potius
727 2912 752 2960 iu
796 2912 853 2962 licet
870 2926 921 2962 erat
937 2930 967 2961 ex
981 2913 1012 2960 iis
1030 2914 1072 2976 qui
1089 2913 1193 2976 aliquam
1209 2923 1300 2977 partem

247 2991 336 3056 oppido
352 2991 492 3054 Minervium
503 2991 567 3056 (hoc
579 3003 628 3050 est,
637 2992 753 3056 templum
797 2992 869 3053 hujus
880 2993 971 3057 publici
985 2992 1036 3055 agri
1045 2991 1222 3040 conduxerant.

248 3071 380 3128 Minerva,
396 3081 424 3118 ut
444 3071 511 3135 apud
520 3073 590 3119 Varr.
611 3071 679 3134 ling.
702 3074 754 3118 Lat.
833 3072 859 3119 6.
869 3070 1002 3118 Decemviri
1010 3071 1082 3118 libros
1090 3069 1160 3118 adire
1162 3070 1300 3136 jussi,·vid.

248 3150 294 3207 tv,
305 3158 352 3208 14,
363 3149 466 3198 etsimil.
475 3149 652 3214 Dianiumsup.
663 3152 683 3207 1,
693 3149 752 3212 48),
800 3150 853 3208 111,
869 3165 913 3208 ιο,
926 3166 951 3197 ιι.
964 3151 989 3197 6.
1235 3161 1238 3166 “

249 3227 304 3275 duoe
310 3240 389 3292 porta
400 3240 424 3275 et
439 3227 503 3276 muri
516 3245 540 3276 a.
551 3228 581 3276 Id
595 3228 684 3276 firmari
694 3228 752 3276 dicit
837 3244 861 3288 7.
875 3228 934 3276 Urbs
952 3228 1070 3283 bestrata5
1088 3227 1145 3275 vide
1161 3228 1192 3275 ad
1211 3231 1240 3286 1‚·
1254 3229 1301 3285 28,

248 3307 304 3353 loeo
323 3307 373 3355 Jul.
392 3306 482 3368 Obseq.
494 3307 525 3353 de
543 3307 617 3355 Prod.
636 3323 691 3372 cap.
705 3323 752 3367 70,
800 3321 825 3354 n.
844 3305 1233 3364 a.-Perduelles;videed1,
1254 3305 1302 3365 ιδ,

249 3386 330 3432 Roma·
343 3384 437 3448 aliquot
451 3385 505 3432 loca
518 3401 590 3432 sacra
598 3384 753 3450 proficuaque
800 3399 825 3432 n.
844 3391 869 3439 4.
881 3412 915 3422 -
928 3385 1027 3446 Quanta
1041 3384 1108 3431 dona
1123 3388 1170 3448 Ap.
1186 3383 1301 3439 Claudio,

249 3463 309 3510 calo
324 3473 405 3519 tacta,
419 3473 443 3511 et
455 3478 468 3508 ι
482 3464 508 3509 Ρ.
517 3463 618 3511 Victore
628 3465 655 3510 in
667 3466 694 3510 X
704 3466 754 3512 Ur·
797 3465 833 3511 Μ.
841 3463 980 3526 Sempronio
992 3462 1232 3518 consentaneum
1241 3477 1301 3509 con·

250 3539 287 3588 bis
305 3541 402 3603 regione
420 3541 546 3588 memorari
567 3542 691 3589 delubrum
711 3541 756 3588 Mi·
798 3541 860 3588 eules
871 3543 943 3590 A.U.
955 3542 1016 3598 568;
1037 3541 1101 3589 dona
1116 3551 1172 3590 vote
1191 3542 1223 3589 A.
1243 3541 1302 3588 ⁵62.

249 3635 336 3667 nerva.
347 3646 382 3656 -
395 3618 511 3675 Lanuvii,·
520 3619 554 3666 ita
569 3636 598 3667 ex
611 3620 636 3667 h.
647 3620 663 3669 l.
673 3621 755 3684 legen·
798 3619 936 3668 Antiochus
957 3635 1021 3667 ιιιιιο
1037 3620 1146 3682 sequenti
1161 3621 1251 3676 vietum
1270 3618 1302 3666 cl.

251 3696 308 3744 dum
324 3714 373 3745 esee
391 3697 458 3760 opud
473 3695 563 3762 Obseq.
580 3699 596 3746 l.
614 3699 629 3746 l.
649 3715 694 3763 pro
708 3703 756 3747 La·
799 3699 1199 3759 xxxvr‚2,etxxx1x,23.

251 3774 322 3831 vitrii,
339 3777 389 3835 jam
406 3791 522 3823 monuere
543 3777 595 3837 ejus
616 3777 695 3842 intpp.
719 3781 755 3826 De
834 3778 989 3827 Cinxvll.
1013 3794 1033 3823 ι.
1055 3777 1229 3841 componerent
1247 3793 1302 3833 res,-

251 3853 369 3918 prodigiis
383 3854 410 3901 h.
428 3853 444 3903 l.
458 3855 595 3903 memoratis
611 3856 667 3903 vide
682 3856 714 3904 nd
728 3860 754 3914 1,
799 3856 854 3904 vide
867 3856 899 3904 ad
912 3858 1011 3914 XXVI,
1025 3865 1075 3912 4ο,
1090 3873 1115 3905 ιι.
1134 3873 1155 3905 ι.
1169 3883 1204 3895 -·-
1217 3858 1303 3902 Decem

253 3935 293 3989 31,
306 3949 330 3979 n.
346 3949 367 3979 r.
381 3959 415 3972 -
427 3933 528 3980 Calatia
542 3934 566 3980 in
573 3934 672 3998 publico
685 3951 754 3999 agro,
799 3937 823 3982 in
834 3937 883 3990 M.,·
897 3951 955 3983 mox
966 3935 1122 3982 nominantur
1136 3933 1303 3982 tantummodo

250 4020 295 4058 ete.
315 4011 418 4068 Calatia,
440 4012 473 4060 ait
490 4012 603 4069 Creten,
623 4013 680 4061 urbs
702 4028 753 4064 eret
797 4014 969 4063 novemunsle
979 4013 1066 4062 decimi
1074 4013 1303 4062 nomenintereidit.
