2970 4712
255 359 277 428 3
304 359 325 430 8
684 365 723 430 Τ.
757 363 897 432 LIVII

255 385 418 578 Rbegina
435 482 576 570 civitas,
596 507 675 578 quae
695 481 811 576 multo
830 483 944 578 spatio
963 482 1009 552 ab
1027 508 1069 556 ea
1084 484 1323 574 distatsaffla·

256 605 366 662 retut.
1120 636 1122 641 ·

309 733 375 778 Serv.
389 730 420 778 ad
430 731 501 794 Virg.
517 733 606 794 Georg.
618 734 646 791 1,
663 740 722 793 47¹·

304 866 413 957 Quod
431 860 476 938 de
496 871 633 939 Caesare
657 869 744 939 olim
766 870 900 964 majore
919 869 1029 966 vulgo
1045 869 1249 958 dictitatum
1270 888 1324 944 est

254 994 290 1049 et
310 1002 330 1048 a
350 984 388 1049 T.
413 979 514 1050 Livio
538 980 714 1075 positum,
734 979 772 1048 in
794 981 932 1050 incerto
952 1003 1047 1065 esse,
1071 995 1196 1051 utrum
1220 982 1322 1053 illum

254 1089 365 1184 magis
385 1089 481 1160 nasci
503 1088 710 1186 reipublicae
731 1088 929 1186 profuerit,
949 1115 994 1162 an
1015 1117 1091 1162 non
1111 1093 1231 1183 nasci,
1254 1092 1322 1164 dici

257 1200 364 1270 etiam
383 1198 428 1272 de
446 1202 562 1270 ventis
578 1215 707 1297 potest.

309 1339 412 1400 Seneca,
429 1339 487 1386 Nat.
501 1339 635 1400 QuaestV,
654 1341 693 1385 18.

506 1579 509 1582 ·
610 1559 680 1625 AD
711 1558 808 1625 LIB.
841 1559 959 1626 CXX.

305 1782 352 1847 M.
386 1779 511 1850 Cicero
545 1778 612 1849 sub
645 1778 840 1851 adventum
869 1782 1143 1852 triumvirorum
1172 1801 1326 1856 cesserat

256 1887 374 1974 Urbe,
401 1913 470 1987 pro
495 1905 594 1961 certo
619 1889 777 1977 habens,
804 1890 841 1961 id
869 1890 1089 1988 quoderat,
1114 1918 1190 1963 non
1215 1897 1326 1991 magis

261 2001 415 2068 Antonio
434 2002 526 2096 eripi
548 2026 606 2086 se,
625 2025 734 2096 quam
759 2003 887 2072 Caesari
909 2003 1070 2074 Cassium
1096 2017 1132 2072 et
1157 2008 1325 2090 Brutum,

257 2133 374 2206 posse.
400 2110 521 2180 Primo
547 2112 584 2180 in
612 2113 855 2182 Tusculanum
878 2110 989 2208 fugit,
1013 2113 1098 2182 inde
1118 2117 1325 2185 transversis

257 2219 447 2290 itineribus
471 2222 508 2290 in
535 2223 785 2308 Formianum,
810 2237 851 2292 ut
874 2221 920 2292 ab
943 2223 1064 2292 Caieta
1092 2224 1212 2293 navim
1240 2249 1324 2294 con·

258 2353 472 2416 mensurus,
500 2330 754 2429 proficiscitur.
787 2332 893 2404 Unde
927 2333 1115 2430 aliquoties
1148 2333 1325 2436 inultum

258 2453 473 2534 provectum
505 2465 621 2536 quum
654 2441 765 2512 modo
796 2445 901 2513 venti
929 2442 1068 2514 adversi
1096 2445 1325 2532 retulissent,

260 2547 369 2619 modo
394 2553 471 2647 ipse
486 2551 717 2646 jactationem
734 2556 855 2640 navis,
884 2578 978 2625 caeco
1000 2552 1167 2624 volvente
1190 2553 1323 2639 fluctu,

259 2660 334 2756 pati
348 2685 422 2730 non
439 2676 581 2758 posset,
600 2662 747 2733 taedium
762 2661 912 2734 'tandem
931 2687 1016 2733 eum
1035 2676 1071 2734 et
1086 2660 1178 2759 fugae
1194 2678 1231 2734 et
1247 2665 1323 2733 vita

259 2771 375 2868 cepit3
392 2796 648 2869 regressusque
663 2769 709 2843 ad
725 2767 949 2871 superiorem
967 2772 1104 2858 villam,
1122 2797 1201 2869 quae
1215 2773 1322 2869 paulo

260 2882 341 2979 plus
359 2881 457 2953 mille
475 2883 639 2981 passibus
656 2885 781 2954 amari
798 2881 918 2968 abest,
936 2884 1113 2969 «Moriar,
1129 2884 1266 2980 inquit,
1287 2887 1322 2954 in

258 2995 371 3089 patria
390 3019 483 3092 saepe
502 3010 675 3066 servata».
699 2995 790 3064 Satis
812 3007 969 3078 constat,
986 3017 1107 3065 servos
1125 2991 1267 3066 fortiter
1283 2993 1321 3063 fi-

257 3102 458 3202 deliterque
479 3120 620 3202 paratos
643 3102 752 3175 fuisse
771 3103 816 3174 ad
839 3102 1100 3188 dimicandum
1123 3105 1242 3201 ipsum
1260 3102 1322 3174 de-

257 3216 345 3308 poni
364 3215 524 3285 lecticam
542 3231 577 3285 et
594 3216 736 3312 quietos
752 3215 844 3311 pati,
863 3213 963 3310 quod
984 3212 1058 3284 fors
1076 3215 1200 3310 iniqua
1216 3239 1321 3310 coge-

257 3337 332 3410 ret,
354 3323 511 3417 jussisse.
535 3325 756 3395 Prominenti
778 3350 822 3395 ex
844 3324 968 3395 lectica
986 3324 1234 3422 praebentique
1255 3325 1322 3393 im-

258 3448 393 3503 motam
407 3435 582 3506 cervicem
599 3450 707 3532 eaput
722 3435 908 3532 praecisum
925 3448 989 3505 est.
1000 3437 1075 3505 Nec
1090 3435 1172 3504 satis
1187 3433 1322 3504 stolidae

181 3589 190 3600 -
257 3543 458 3614 crudelitati
476 3545 630 3615 militum
651 3543 728 3616 fuit.
749 3547 878 3614 Manus
895 3570 1065 3640 quoque,
1085 3546 1322 3641 scripsissem

256 3655 452 3724 Antonium
474 3653 609 3750 aliquid
628 3652 907 3751 exprobrantes,
930 3654 1179 3752 praeciderunt.
1201 3659 1254 3724 Ita
1270 3679 1323 3724 re-

257 3762 369 3835 latum
388 3779 495 3862 eaput
513 3763 558 3834 ad
577 3765 795 3851 Antonium,
817 3766 993 3860 jussuque
1018 3766 1096 3859 ejus
1118 3765 1213 3834 inter
1235 3763 1323 3834 duas

257 3887 386 3946 manus
403 3876 440 3944 in
453 3876 590 3946 Rostris
608 3877 788 3973 positum,
811 3874 876 3945 ubi
895 3874 954 3944 ille
978 3872 1124 3961 consul,
1145 3872 1210 3943 ubi
1228 3899 1322 3971 saepe

181 4049 182 4053 ,
258 3984 477 4071 consularis,
508 3985 570 4055 ubi
602 4011 646 4056 eo
676 3987 752 4083 ipso
779 4010 876 4055 anno
901 3983 1076 4054 adversus
1104 3985 1324 4068 Antonium,

258 4109 392 4188 quanta
414 4095 511 4165 nulla
528 4117 691 4191 unquam
709 4096 867 4168 humana
880 4121 969 4184 vox,
987 4093 1323 4166 cumadmiratione
