2976 4712
265 388 335 474 458
674 395 916 463 EPITOMAE

264 513 396 584 Achaia
414 515 452 582 in
471 513 691 586 deditionem
710 531 873 614 accepta,
893 515 1094 592 Corinthon
1114 541 1158 585 ex
1171 529 1328 586 senatus-

264 623 431 694 consulto
450 623 580 712 diruit,
602 627 687 724 quia
707 625 758 696 ibi
777 627 883 722 legati
907 627 1048 696 romani
1071 623 1190 696 violati
1213 640 1324 695 eraut.

263 733 396 804 Thebae
415 759 563 834 quoque
590 748 626 806 et
652 736 812 822 Chalcis,
833 763 913 833 quae
935 737 1067 807 auxilio
1092 734 1253 819 fuerant,
1273 734 1328 804 di-

264 859 352 914 rutae
366 855 391 916 ².
424 847 505 942 lpse
536 851 575 916 L.
608 849 804 917 Mummius
837 846 1179 918 abstinentissimum
1198 848 1327 917 'virum

266 951 383 1051 egit³;
412 979 479 1026 nec
504 955 704 1053 quidquam
729 983 773 1028 ex
796 959 837 1028 iis
862 956 993 1055 opibus
1014 957 1326 1052 ornamentisque,

265 1089 345 1161 quae
364 1065 536 1163 praedives
555 1066 747 1138 Corinthos
764 1067 910 1155 babuit,
928 1067 965 1137 in
984 1065 1133 1138 domum
1151 1067 1229 1161 ejus
1247 1089 1326 1162 per·

263 1176 372 1245 venit.
393 1179 436 1265 Q.
455 1177 615 1248 Caecilius
631 1177 799 1250 Metellus
817 1177 862 1248 de
881 1177 1057 1250 Andrisco
1076 1175 1326 1274 triumphavit3

264 1291 298 1357 P.
324 1288 514 1359 Cornelius
539 1292 658 1387 Scipio
684 1288 869 1361 Africanus
893 1291 1099 1361 AEmilianus
1117 1289 1162 1360 de
1180 1287 1328 1359 Cartba-

265 1398 348 1494 gine
363 1411 399 1467 et
413 1398 455 1468 de
467 1397 701 1470 Hasdrubale.
720 1400 903 1471 Viriathus
916 1403 954 1472 iu
967 1400 1156 1497 Hispaniat
1171 1399 1327 1496 primum

265 1531 309 1576 ex
327 1522 470 1602 pastore
486 1520 652 1597 venator,
670 1533 715 1580 ex
732 1523 903 1582 venatore
916 1511 1023 1597 latro,
1042 1535 1127 1580 mox
1141 1509 1230 1604 justi
1244 1533 1329 1604 quo

265 1640 338 1713 que
356 1619 535 1689 exercitus
555 1617 629 1689 dux
648 1618 780 1709 factus,
802 1636 915 1692 totam
934 1622 1151 1693 Lusitaniam
1173 1643 1328 1716 occupa·

266 1728 335 1816 vit3
347 1733 396 1800 M.
408 1729 580 1800 Vetilium
591 1726 604 1772 ⁵
615 1743 822 1828 praetorem,
837 1730 917 1802 fuso
933 1733 1009 1828 ejus
1024 1731 1203 1816 exercitu,
1218 1731 1326 1826 cepit:

265 1854 347 1936 post
366 1863 475 1935 quem
496 1844 535 1911 C.
555 1841 712 1912 Plautius
730 1857 863 1939 praetor
880 1842 994 1912 nihilo
1012 1840 1150 1912 felicius
1166 1863 1243 1911 rem
1259 1863 1329 1934 ges·

265 1950 334 2019 sit:
355 1964 571 2047 tantumque
595 1954 740 2023 terroris
761 1955 790 2022 is
810 1951 923 2024 hostis
945 1951 1082 2038 intulit,
1101 1966 1143 2021 ut
1160 1949 1328 2020 adversus

266 2083 350 2128 eum
367 2062 547 2132 consulari
563 2085 656 2160 opus
673 2078 765 2134 esset
784 2077 819 2134 et
837 2062 930 2134 duce
947 2078 982 2133 et
996 2062 1166 2132 exercitu.
1182 2065 1328 2130 Praeter-

221 2251 224 2256 ⁵
266 2195 307 2240 ea
326 2185 446 2242 motus
464 2173 571 2268 Syriae
592 2188 627 2244 et
644 2172 741 2244 bella
758 2175 975 2272 interreges
993 2186 1092 2270 gesta
1109 2168 1325 2242 referuntur.

269 2280 482 2370 Alexander,
502 2282 614 2354 homo
634 2280 800 2380 ignotus6
827 2299 863 2355 et
885 2285 1029 2354 incertae
1050 2278 1188 2378 stirpis,
1212 2281 1329 2350 occiso

268 2392 384 2486 (sicut
405 2408 487 2462 ante
509 2393 741 2488 dictumest)
764 2395 950 2466 Demetrio
972 2418 1072 2491 rege,
1097 2393 1135 2461 iu
1156 2391 1256 2486 Syria
1274 2414 1328 2458 re·

268 2501 409 2597 gnabat.
430 2507 535 2574 Hunc
552 2504 777 2593 Demetrius,
797 2506 971 2578 Demetrii
984 2503 1101 2592 lilius,
1119 2503 1182 2599 qui
1198 2525 1218 2570 a
1232 2514 1329 2598 patre

268 2749 322 2780 cum
337 2734 433 2792 Dicens,
449 2746 496 2784 eto.
514 2736 580 2782 conl.
600 2735 702 2801 Polyb,
717 2738 778 2784 Pau·
823 2738 965 2794 Lusitanos,
977 2753 1008 2784 ex
1020 2735 1114 2784 Luculli
1128 2745 1152 2780 et
1166 2732 1250 2780 Galbae
1262 2730 1329 2777 saevi·

269 2829 318 2860 san.
331 2824 356 2861 et
364 2815 451 2862 Zonar.
462 2813 490 2863 ll.
505 2815 531 2862 ll.
823 2807 855 2855 tia
865 2809 874 2876 (
883 2807 932 2856 vid.
942 2808 1007 2871 Epit.
1020 2803 1119 2870 XLIX)
1131 2803 1286 2867 superstites,
1299 2799 1329 2845 ad

303 2907 327 2938 n.
340 2891 426 2940 Theba·
438 2910 535 2957 quoque
549 2905 574 2940 et
592 2892 723 2942 Chalcis...
741 2892 779 2939 di·
822 2904 887 2936 arma
896 2899 1002 2935 vocarat.
1014 2888 1050 2934 De
1060 2884 1126 2932 bello
1136 2881 1271 2929 Viriathieo
1281 2879 1328 2926 vid.

268 2983 349 3018 rutoe:
361 2972 430 3036 quod
447 2973 468 3021 si
481 2991 565 3021 verum
577 2984 628 3031 est,
641 2972 729 3019 mirum
742 2971 778 3018 vi-
825 2967 889 3032 llpit.
900 2969 967 3026 1.1v;
986 2967 1049 3014 Flor.
1067 2967 1104 3022 11,
1119 2979 1161 3024 κῃ
1174 2964 1245 3009 Oros.
1255 2961 1286 3018 V,
1302 2965 1330 3016 t;

268 3049 319 3096 deri
330 3062 424 3115 potest,
438 3055 582 3102 Strabonem
597 3065 622 3101 et
636 3053 737 3100 Pausan.
752 3050 778 3098 id
821 3048 885 3111 inpr.
907 3045 1014 3111 Appian.
1030 3044 1102 3108 Hisp.
1121 3042 1207 3104 59·75.
1228 3039 1266 3088 Ah
1284 3037 1329 3084 hoc

268 3146 319 3176 non
335 3146 493 3190 memorasse3
505 3133 569 3181 nuk.
582 3131 711 3181 Metellum
724 3130 778 3194 qui·
822 3137 880 3174 octo
898 3127 949 3186 ejus
967 3124 1026 3172 anni
1047 3131 1219 3176 numerantur,
1236 3117 1267 3164 ab
1285 3115 1331 3162 illis

269 3207 324 3255 dem
344 3210 436 3274 cepisse
454 3228 541 3260 vacuas
557 3212 665 3270 Thebes,
685 3203 779 3258 aedibus
822 3206 887 3251 XIV
890 3221 931 3261 ,·n
953 3203 1065 3252 Diodoro
1092 3198 1117 3248 in
1143 3202 1204 3247 Exc.
1229 3197 1330 3250 Peiresc,

270 3305 327 3336 vero
350 3291 487 3354 pepercisse
508 3291 582 3340 tradit
599 3295 703 3339 Pausen.
714 3291 764 3336 vu
771 3324 778 3349 ‚
824 3299 879 3348 pag.
892 3285 941 3331 361
954 3289 986 3348 [t.
996 3285 1035 3341 ΙΙ,
1045 3296 1101 3346 pag.
1113 3280 1161 3342 597
1171 3315 1179 3356 ,
1189 3277 1228 3324 ed.
1238 3277 1332 3337 Wess.)

275 3367 305 3414 15
313 3367 346 3432 ,S
357 3369 372 3416 5
380 3368 439 3429 ,sed
448 3369 511 3426 vn,
525 3370 568 3429 16,
583 3370 625 3436 §5
635 3369 780 3417 Mummium
824 3362 951 3422 undecim3
962 3349 1329 3418 aJustino‚XLIV,2,decen;

271 3446 385 3508 dejecisse
396 3464 479 3496 muros
496 3448 608 3506 urbium,
622 3448 781 3513 quaebellum
824 3433 961 3501 Uelleio,
984 3444 1024 3499 11,
1044 3456 1091 3503 90,
1110 3437 1213 3502 viginti:
1238 3433 1281 3481 sed
1298 3432 1332 3479 ibi

270 3526 385 3576 adversus
396 3528 521 3576 Romanos
537 3529 660 3592 gesserint.
824 3525 849 3569 X
861 3532 903 3571 aut
914 3523 954 3569 XI
963 3536 1010 3585 pro
1025 3519 1077 3567 XX
1086 3515 1215 3582 legendum
1229 3511 1330 3560 videtur.

306 3609 332 3655 3.
346 3611 402 3671 Ipse
414 3611 441 3659 L.
460 3607 590 3655 Mummius
606 3605 780 3656 abstinentissi·
824 3601 896 3651 Cous.
909 3601 1014 3648 Reimar.
1024 3597 1056 3645 sd
1066 3597 1140 3644 Dion.
1152 3604 1170 3640 t.
1179 3596 1208 3650 1,
1217 3609 1242 3655 p.
1254 3588 1286 3637 33
1296 3606 1331 3652 sq.

272 3703 337 3733 inum
347 3685 428 3734 virum
438 3686 502 3751 egit;
510 3686 566 3735 vide
575 3669 606 3736 ad
615 3687 681 3752 Epit.
689 3675 781 3744 XLVI,
825 3692 849 3729 et
860 3679 890 3728 de
901 3679 1020 3742 scriptura
1032 3674 1138 3724 nominis
1149 3669 1273 3719 Viriathus
1282 3681 1332 3716 tum

272 3783 304 3824 s,
319 3777 343 3814 et
362 3766 392 3814 de
405 3783 431 3814 re
450 3767 503 3831 ipsa
517 3765 605 3830 Polyb.
624 3767 683 3822 XL,
699 3781 745 3821 11,
756 3775 781 3812 et
824 3761 904 3822 idem,
915 3756 1061 3807 tumnosad
1071 3755 1112 3804 Sil.
1123 3751 1245 3811 111,ssst

272 3847 324 3894 Cic.
335 3847 387 3896 ΟΙΙ.
404 3850 442 3906 ΙΙ,
457 3863 499 3894 22.
521 3845 568 3894 Sed
581 3845 670 3909 opibus
682 3859 781 3907 quoqne
861 3840 885 3886 5.
898 3841 932 3886 M.
943 3836 1070 3892 Vetilium,
1086 3835 1151 3881 sorte
1164 3831 1190 3879 C.
1203 3827 1329 3884 Vetilium,

271 3925 318 3971 illis
337 3927 481 3974 abstinuisse
501 3924 622 3980 creditur,
646 3923 703 3987 quia
725 3938 782 3986 pre·
825 3931 853 3967 ut
873 3919 1000 3967 Creverius
1021 3913 1099 3962 edidit
1117 3928 1148 3960 ex
1168 3908 1285 3974 Appiano
1310 3917 1331 3953 et

271 4000 331 4049 tium
347 4001 428 4051 earum
445 4005 509 4052 haud
528 4004 638 4060 noverit;
653 4002 703 4050 vid.
716 4001 779 4050 Vell.
825 4000 922 4047 Orosio.
934 3999 980 4044 Eu.

272 4077 298 4138 l,
316 4085 353 4129 13·
860 4081 884 4125 6.
899 4074 1046 4130 Alexander,
1057 4072 1128 4119 homo
1139 4069 1247 4134 ignotam.
1256 4101 1274 4114 ..
1289 4067 1331 4112 tet-

307 4170 330 4216 t.
346 4160 469 4209 Viriutltus
486 4158 510 4210 iu
525 4161 661 4224 Hispania,
678 4173 722 4210 etc.
738 4162 780 4225 qui
825 4160 848 4206 Io
860 4153 980 4204 intercurrit
985 4168 995 4210 ,¹
1007 4151 1061 4200 vide
1070 4150 1100 4197 ud
1111 4149 1175 4212 Epit.
1185 4149 1256 4206 L,n.
1267 4153 1297 4205 4,
1311 4145 1331 4192 5.
