2976 4712
224 346 292 442 398
626 347 879 425 retroue

223 467 379 554 Manlio,
396 465 540 538 devovit
563 490 600 536 se
622 491 689 564 pro
707 468 891 546 exercitu:
908 481 966 555 et,
989 473 1170 542 concitato
1192 498 1287 570 equo

223 605 338 684 quum
353 581 390 648 in
403 576 542 650 medios
555 576 677 648 hostes
691 602 729 648 se
740 577 936 666 intulisset,
947 578 1158 652 interfectus
1172 599 1288 656 morte

225 715 288 762 sua
306 689 476 760 Romanis
494 689 676 760 victoriam
695 689 860 759 restituit.
878 689 997 760 Latini
1011 690 1050 760 in
1068 690 1286 764 deditionem

224 814 409 872 venerunt.
436 803 474 868 T.
501 798 636 870 Manlio
659 802 695 868 in
714 797 851 870 Urbem
869 824 1014 871 reverso
1035 826 1144 874 nemo
1168 828 1212 874 ex
1228 805 1286 899 ju·

223 925 370 983 ventute
395 907 538 980 obviam
561 909 745 1006 processit.
768 909 926 980 Minucia
946 911 1049 1006 virgo
1066 911 1218 982 Vestalis
1237 914 1288 982 in·

223 1021 311 1092 cesti
332 1019 498 1090 damnata
523 1032 587 1088 est.
612 1016 817 1089 Ausonibus
841 1019 960 1105 victis,
981 1020 1019 1088 iu
1043 1021 1219 1118 oppidum
1243 1047 1286 1092 ex

223 1132 266 1201 iis
290 1144 433 1227 captum
460 1128 561 1200 Cales
586 1127 728 1198 colonia
751 1126 910 1200 deducta
926 1143 990 1200 est.
1012 1133 1103 1200 Item
1122 1132 1287 1228 Fregellae

223 1239 364 1311 colonia
382 1236 544 1308 deductae
566 1247 683 1308 sunt².
703 1235 928 1309 Veneficiur'n
950 1239 1191 1337 complurium
1213 1267 1286 1312 ma·

223 1364 410 1420 tronarum
429 1347 693 1445 deprehensum
715 1363 793 1418 est:
816 1372 970 1444 quarum
986 1347 1150 1445 plurimae
1170 1352 1287 1422 statim

224 1461 339 1558 epotis
372 1457 669 1530 medicaminibus
700 1459 897 1555 perierunt.
930 1461 1005 1530 Lex
1038 1457 1082 1529 de
1112 1459 1287 1532 veneficio

224 1586 311 1642 tunc
332 1573 494 1668 primum
517 1571 712 1640 constituta
738 1565 829 1639 esti
859 1568 1146 1658 Privernatibus,
1174 1595 1288 1667 quum

225 1679 473 1767 rebellassent,
490 1680 594 1750 victis
611 1679 732 1748 civitas
746 1676 829 1748 data
842 1691 904 1748 est.
920 1678 1177 1776 Palaepolitani,
1191 1679 1287 1751 bello

226 1805 262 1862 et
278 1789 467 1862 obsidione
484 1790 585 1877 victi,
604 1789 643 1858 in
661 1786 884 1859 deditionem
901 1805 1089 1860 venerunt.
1110 1793 1154 1880 Q.
1170 1790 1289 1861 Publi-

225 1900 292 1988 lio,
312 1900 375 1995 qui
390 1924 452 1970 eos
468 1897 678 1985 obsederat,
693 1899 812 1995 primo
827 1913 863 1968 et
877 1899 1068 1995 imperium
1087 1901 1287 1997 prolatum,

226 2026 262 2081 et
280 2033 347 2107 pro
368 2008 516 2080 consule
536 2007 701 2079 decretus
717 2005 934 2104 triumphus
958 2006 1060 2079 Plebs
1083 2034 1181 2081 nexu
1200 2009 1289 2080 libe·

124 2189 126 2196 .
224 2136 300 2192 rata
323 2135 378 2190 est
399 2133 550 2216 propter
571 2124 609 2188 L.
633 2118 763 2214 Papirii
783 2117 969 2188 creditoris
992 2117 1198 2205 libidinem,
1226 2122 1287 2217 qui

225 2235 265 2301 G.
293 2228 447 2301 Publilio
480 2226 637 2298 debitori
664 2252 730 2297 suo
764 2241 930 2324 stuprum
957 2225 1089 2298 inferre
1115 2229 1285 2300 voluerat.

227 2341 350 2429 Quum
364 2344 402 2408 L.
414 2337 574 2434 Papirius
589 2335 741 2407 dictator
754 2361 917 2408 reversus
931 2338 969 2406 in
983 2336 1119 2408 Urbem
1134 2337 1179 2408 ab
1195 2364 1288 2410 exer·

226 2451 300 2518 citu
319 2460 582 2543 essetpropter
599 2446 755 2543 auspicia
775 2444 990 2544 repetenda,
1012 2448 1055 2535 Q.
1073 2447 1202 2520 Fabius
1216 2474 1288 2519 rna·

226 2559 335 2654 gister
349 2558 532 2654 equitum,
545 2557 732 2628 occasione
750 2558 802 2627 rei
819 2555 913 2627 bene
929 2556 1093 2652 gerendae
1108 2559 1286 2646 invitatus,

226 2683 351 2740 contra
369 2667 524 2738 edictum
548 2667 624 2761 ejus
646 2690 821 2765 prospere
842 2666 1010 2736 adversus
1029 2669 1204 2739 Samnites
1223 2693 1287 2766 pu-

226 2781 355 2877 gnavit.
382 2776 545 2848 obeam
572 2801 714 2863 causam
741 2801 855 2874 quum
882 2776 1033 2847 dictator
1053 2777 1098 2848 de
1119 2780 1286 2876 magistro

225 2890 390 2985 equitum
406 2887 624 2984 supplicium
641 2900 851 2984 sumpturus
868 2883 1062 2975 videretur,
1077 2887 1207 2958 Fabius
1220 2895 1285 2960 Ro·

227 3022 322 3068 mam
339 2994 515 3094 profugit:
533 3012 587 3083 et,
604 3021 717 3094 quum
736 3019 842 3067 causa
858 3019 983 3093 parum
1002 2995 1209 3093 proficeret,
1225 3024 1289 3097 po-

262 3257 285 3288 a.
300 3240 368 3288 Cales
382 3238 480 3286 colonia
495 3237 602 3284 deducta
616 3248 666 3284 est.-
681 3238 738 3284 item
781 3235 830 3284 boc
844 3247 940 3300 tempus
955 3239 1040 3284 Romae
1055 3215 1109 3284 non¹
1122 3239 1198 3287 modo
1211 3241 1290 3303 cogni·

226 3319 298 3384 Freg.
310 3317 408 3366 colonia
426 3316 537 3364 deductor
556 3327 624 3372 runt,
645 3324 660 3371 4
675 3318 737 3365 MSS
782 3326 849 3373 turn,
861 3315 905 3363 red
922 3317 995 3364 otiam
1011 3317 1065 3380 lege
1081 3318 1136 3364 XII
1146 3318 1290 3366 Tabularum

227 3397 331 3447 colonia·
348 3395 459 3443 deducte
489 3406 557 3451 sum,
584 3395 645 3442 male
666 3394 737 3460 (vid.
782 3394 1026 3452 vindicaturum,
1037 3396 1291 3446 etsicontrariumtra·

160 3505 162 3512 ‹
227 3475 335 3541 Diale),
348 3475 395 3524 nisi
407 3474 490 3538 potius
502 3471 576 3521 verba
587 3473 685 3521 colonia
696 3473 756 3522 de·.
782 3471 1072 3534 urvu.Max.11‚5‚
1090 3475 1291 3539 §3.-Q.1³u-

227 3557 302 3605 ducta
313 3567 349 3604 est
361 3554 463 3602 delenda
473 3563 537 3600 sunt.
599 3607 600 3612 ¹
779 3551 847 3599 blilio
854 3589 859 3600 .
866 3588 886 3600 ..
896 3553 978 3617 primo
990 3565 1014 3600 et
1023 3553 1147 3618 imperium
1154 3556 1290 3618 prolatum,

262 3638 287 3686 3.
298 3639 350 3683 Lex
368 3633 399 3682 de
418 3631 537 3700 veneficio
558 3643 614 3679 tune
628 3630 736 3694 primum
780 3641 804 3678 ct
816 3647 862 3694 pro
876 3633 985 3689 consule,
1001 3645 1049 3682 etc.
1061 3633 1141 3694 Hujus
1152 3634 1203 3682 loci
1212 3650 1291 3682 emen-

227 3715 359 3764 conseituta
374 3724 423 3761 est:
437 3712 537 3776 copiose
551 3721 575 3758 et
595 3709 667 3757 docto
680 3711 705 3758 h.
719 3710 736 3758 l.
781 3708 848 3759 datio
868 3710 970 3759 debetur
990 3712 1106 3774 sigonio,
1125 3729 1200 3775 quum
1223 3713 1291 3776 prius

225 3791 496 3855 doectDulrerus,leg1s
510 3801 561 3840 tum
575 3788 606 3837 de
615 3787 737 3838 veneficiis
780 3789 916 3853 legeretur:
932 3791 960 3852 Q.
974 3790 1118 3838 Publilio...
1119 3791 1227 3856 prinuaem
1248 3791 1290 3838 im-

224 3874 280 3921 latae
296 3872 443 3920 mentionem
465 3885 517 3917 non
537 3869 615 3916 faeere
639 3867 736 3916 Livium
776 3868 1243 3933 periumprolacumctpcrconrulesei
1253 3869 1293 3917 do

226 3951 397 4009 vt11,18‚n.
414 3963 447 4008 7,
461 3958 485 3995 et
498 3946 630 3995 admodum
642 3947 734 4012 proba·
780 3959 858 3996 cretus
874 3948 1015 4014 triumphus.
1032 3951 1103 3997 Hanc
1121 3965 1188 3996 suam
1206 3949 1291 3996 lectio·

225 4027 427 4090 bileesse,quod
440 4026 736 4091 interpretesJuriscivilis
779 4043 835 4092 nem
855 4030 939 4078 statuit
958 4028 1071 4094 Sigonius
1095 4045 1126 4077 ex
1144 4028 1291 4093 Capitolinis

226 4107 389 4162 contendant,
400 4105 447 4152 hoc
461 4101 605 4152 maleficium
617 4105 667 4163 iam
680 4115 736 4153 anta
780 4106 869 4180 tabulis
878 4117 902 4155 et
911 4107 981 4158 Livio
993 4107 1048 4172 ipso
1056 4107 1119 4158 infr·
1131 4123 1185 4172 cap.
1198 4107 1247 4168 aa,
1261 4117 1285 4154 et
