<?xml version="1.0" encoding="UTF-8"?>
<!DOCTYPE html PUBLIC "-//W3C//DTD XHTML 1.0 Transitional//EN"
    "http://www.w3.org/TR/xhtml1/DTD/xhtml1-transitional.dtd">
<html xmlns="http://www.w3.org/1999/xhtml" xml:lang="en" lang="en">
 <head>
  <title>
</title>
<meta http-equiv="Content-Type" content="text/html;charset=utf-8" />
  <meta name='ocr-system' content='tesseract 3.04.00' />
  <meta name='ocr-capabilities' content='ocr_page ocr_carea ocr_par ocr_line ocrx_word'/>
</head>
<body>
  <div class='ocr_page' id='page_1' title='image "./titusliviuspata02freigoog_0570.png"; bbox 0 0 2966 4708; ppageno 0'>
   <div class='ocr_carea' id='block_1_1' title="bbox 385 415 1231 496">
    <p class='ocr_par' dir='ltr' id='par_1_1' title="bbox 385 415 1231 496">
     <span class='ocr_line' id='line_1_1' title="bbox 385 415 1231 496; baseline -0.007 -2"><span class='ocrx_word' id='word_1_1' title='bbox 385 427 450 494; x_wconf 89' lang='lat' dir='ltr'><strong>DE</strong></span> <span class='ocrx_word' id='word_1_2' title='bbox 475 423 731 492; x_wconf 75' lang='lat' dir='ltr'><strong>TRANSITU</strong></span> <span class='ocrx_word' id='word_1_3' title='bbox 759 422 1022 490; x_wconf 83' lang='lat' dir='ltr'><strong>APENNINI.</strong></span> <span class='ocrx_word' id='word_1_4' title='bbox 1057 487 1058 496; x_wconf 59' lang='grc'>,</span> <span class='ocrx_word' id='word_1_5' title='bbox 1163 415 1231 488; x_wconf 81' lang='lat'><strong>563</strong></span> 
     </span>
    </p>
   </div>
   <div class='ocr_carea' id='block_1_2' title="bbox 172 540 1322 4072">
    <p class='ocr_par' dir='ltr' id='par_1_2' title="bbox 172 540 1322 2756">
     <span class='ocr_line' id='line_1_2' title="bbox 173 540 1231 638; baseline -0.003 -30"><span class='ocrx_word' id='word_1_6' title='bbox 173 547 416 638; x_wconf 68' lang='lat' dir='ltr'><strong>«nequidquam</strong></span> <span class='ocrx_word' id='word_1_7' title='bbox 430 561 503 608; x_wconf 92' lang='lat' dir='ltr'><strong>ante</strong></span> <span class='ocrx_word' id='word_1_8' title='bbox 520 561 653 608; x_wconf 87' lang='lat' dir='ltr'><strong>conatus</strong></span> <span class='ocrx_word' id='word_1_9' title='bbox 673 542 898 606; x_wconf 81' lang='lat' dir='ltr'><strong>transcendere</strong></span> <span class='ocrx_word' id='word_1_10' title='bbox 910 541 1118 626; x_wconf 87' lang='lat' dir='ltr'><strong>Apenninum</strong></span> <span class='ocrx_word' id='word_1_11' title='bbox 1127 540 1173 628; x_wconf 83' lang='lat' dir='ltr'><strong>(r)</strong></span> <span class='ocrx_word' id='word_1_12' title='bbox 1184 543 1231 605; x_wconf 92' lang='lat' dir='ltr'><strong>in-</strong></span> 
     </span>
     <span class='ocr_line' id='line_1_3' title="bbox 172 642 1231 736; baseline -0.009 -20"><span class='ocrx_word' id='word_1_13' title='bbox 172 649 369 716; x_wconf 82' lang='lat' dir='ltr'><strong>«tolerandis</strong></span> <span class='ocrx_word' id='word_1_14' title='bbox 384 643 574 736; x_wconf 83' lang='lat' dir='ltr'><strong>frigoribus,</strong></span> <span class='ocrx_word' id='word_1_15' title='bbox 591 651 624 711; x_wconf 80' lang='lat' dir='ltr'><strong>e&#39;t</strong></span> <span class='ocrx_word' id='word_1_16' title='bbox 640 667 715 710; x_wconf 89' lang='lat' dir='ltr'><strong>cum</strong></span> <span class='ocrx_word' id='word_1_17' title='bbox 729 643 854 732; x_wconf 84' lang='lat' dir='ltr'><strong>ingenti</strong></span> <span class='ocrx_word' id='word_1_18' title='bbox 871 642 1016 730; x_wconf 88' lang='lat' dir='ltr'><strong>periculo</strong></span> <span class='ocrx_word' id='word_1_19' title='bbox 1036 657 1178 707; x_wconf 89' lang='lat' dir='ltr'><strong>moratus</strong></span> <span class='ocrx_word' id='word_1_20' title='bbox 1194 665 1231 706; x_wconf 91' lang='lat' dir='ltr'><strong>ac</strong></span> 
     </span>
     <span class='ocr_line' id='line_1_4' title="bbox 174 745 1234 835; baseline -0.002 -25"><span class='ocrx_word' id='word_1_21' title='bbox 174 785 186 810; x_wconf 63' lang='lat' dir='ltr'><strong>a</strong></span> <span class='ocrx_word' id='word_1_22' title='bbox 199 769 307 833; x_wconf 89' lang='lat' dir='ltr'><strong>metu,</strong></span> <span class='ocrx_word' id='word_1_23' title='bbox 318 767 397 814; x_wconf 83' lang='lat' dir='ltr'><strong>etc.»</strong></span> <span class='ocrx_word' id='word_1_24' title='bbox 406 751 447 813; x_wconf 89' lang='lat' dir='ltr'><strong>Et</strong></span> <span class='ocrx_word' id='word_1_25' title='bbox 459 748 556 830; x_wconf 85' lang='lat' dir='ltr'><strong>infra,</strong></span> <span class='ocrx_word' id='word_1_26' title='bbox 569 748 737 835; x_wconf 77' lang='lat' dir='ltr'><strong>«quiajam</strong></span> <span class='ocrx_word' id='word_1_27' title='bbox 750 745 943 810; x_wconf 86' lang='lat' dir='ltr'><strong>Flaminium</strong></span> <span class='ocrx_word' id='word_1_28' title='bbox 960 745 1126 808; x_wconf 87' lang='lat' dir='ltr'><strong>consulem</strong></span> <span class='ocrx_word' id='word_1_29' title='bbox 1141 747 1234 809; x_wconf 91' lang='lat' dir='ltr'><strong>Arre·</strong></span> 
     </span>
     <span class='ocr_line' id='line_1_5' title="bbox 174 844 1266 941; baseline -0.018 -23"><span class='ocrx_word' id='word_1_30' title='bbox 174 855 284 918; x_wconf 80' lang='lat' dir='ltr'><strong>«tium</strong></span> <span class='ocrx_word' id='word_1_31' title='bbox 300 852 483 941; x_wconf 89' lang='lat' dir='ltr'><strong>pervenisse</strong></span> <span class='ocrx_word' id='word_1_32' title='bbox 501 851 585 914; x_wconf 87' lang='lat' dir='ltr'><strong>fama</strong></span> <span class='ocrx_word' id='word_1_33' title='bbox 603 865 685 930; x_wconf 84' lang='lat' dir='ltr'><strong>erat,</strong></span> <span class='ocrx_word' id='word_1_34' title='bbox 701 869 804 935; x_wconf 90' lang='lat' dir='ltr'><strong>quum</strong></span> <span class='ocrx_word' id='word_1_35' title='bbox 820 844 908 909; x_wconf 84' lang='lat' dir='ltr'><strong>aliud</strong></span> <span class='ocrx_word' id='word_1_36' title='bbox 922 844 1068 933; x_wconf 86' lang='lat' dir='ltr'><strong>longius,</strong></span> <span class='ocrx_word' id='word_1_37' title='bbox 1083 862 1235 912; x_wconf 84' lang='lat' dir='ltr'><strong>caeterum</strong></span> <span class='ocrx_word' id='word_1_38' title='bbox 1264 891 1266 898; x_wconf 17' lang='grc' dir='ltr'><em>Α</em></span> 
     </span>
     <span class='ocr_line' id='line_1_6' title="bbox 175 948 1236 1036; baseline -0.005 -19"><span class='ocrx_word' id='word_1_39' title='bbox 175 986 187 1010; x_wconf 96' lang='grc' dir='ltr'><strong>ιι</strong></span> <span class='ocrx_word' id='word_1_40' title='bbox 201 950 420 1033; x_wconf 85' lang='lat' dir='ltr'><strong>commodius,</strong></span> <span class='ocrx_word' id='word_1_41' title='bbox 437 950 661 1015; x_wconf 86' lang='lat' dir='ltr'><strong>ostenderetur</strong></span> <span class='ocrx_word' id='word_1_42' title='bbox 676 951 746 1024; x_wconf 92' lang='lat' dir='ltr'><strong>iter,</strong></span> <span class='ocrx_word' id='word_1_43' title='bbox 764 949 948 1036; x_wconf 90' lang='lat' dir='ltr'><strong>propiorem</strong></span> <span class='ocrx_word' id='word_1_44' title='bbox 965 948 1048 1010; x_wconf 80' lang='lat' dir='ltr'><strong>viam</strong></span> <span class='ocrx_word' id='word_1_45' title='bbox 1068 970 1125 1033; x_wconf 90' lang='lat' dir='ltr'><strong>per</strong></span> <span class='ocrx_word' id='word_1_46' title='bbox 1143 950 1236 1035; x_wconf 83' lang='lat' dir='ltr'><strong>palu-</strong></span> 
     </span>
     <span class='ocr_line' id='line_1_7' title="bbox 174 1049 1236 1143; baseline -0.004 -24"><span class='ocrx_word' id='word_1_47' title='bbox 174 1087 187 1110; x_wconf 91' lang='grc' dir='ltr'>ι</span> <span class='ocrx_word' id='word_1_48' title='bbox 200 1053 275 1119; x_wconf 92' lang='lat' dir='ltr'><strong>dem</strong></span> <span class='ocrx_word' id='word_1_49' title='bbox 296 1055 392 1143; x_wconf 92' lang='lat' dir='ltr'><strong>petit,</strong></span> <span class='ocrx_word' id='word_1_50' title='bbox 409 1076 473 1139; x_wconf 91' lang='lat' dir='ltr'><strong>qua</strong></span> <span class='ocrx_word' id='word_1_51' title='bbox 498 1053 614 1116; x_wconf 87' lang='lat' dir='ltr'><strong>fluvius</strong></span> <span class='ocrx_word' id='word_1_52' title='bbox 637 1054 744 1116; x_wconf 87' lang='lat' dir='ltr'><strong>Arnus</strong></span> <span class='ocrx_word' id='word_1_53' title='bbox 768 1072 825 1138; x_wconf 88' lang='lat' dir='ltr'><strong>per</strong></span> <span class='ocrx_word' id='word_1_54' title='bbox 848 1073 903 1113; x_wconf 88' lang='lat' dir='ltr'><strong>eos</strong></span> <span class='ocrx_word' id='word_1_55' title='bbox 926 1049 993 1112; x_wconf 89' lang='lat' dir='ltr'><strong>dies</strong></span> <span class='ocrx_word' id='word_1_56' title='bbox 1016 1050 1109 1113; x_wconf 90' lang='lat' dir='ltr'><strong>solito</strong></span> <span class='ocrx_word' id='word_1_57' title='bbox 1135 1053 1236 1139; x_wconf 82' lang='lat' dir='ltr'><strong>inagis</strong></span> 
     </span>
     <span class='ocr_line' id='line_1_8' title="bbox 174 1150 1237 1242; baseline -0.005 -23"><span class='ocrx_word' id='word_1_58' title='bbox 174 1187 187 1210; x_wconf 90' lang='grc' dir='ltr'>ι</span> <span class='ocrx_word' id='word_1_59' title='bbox 200 1153 527 1219; x_wconf 79' lang='lat' dir='ltr'><strong>inundaverat».Tum</strong></span> <span class='ocrx_word' id='word_1_60' title='bbox 539 1176 606 1239; x_wconf 91' lang='lat' dir='ltr'><strong>quo</strong></span> <span class='ocrx_word' id='word_1_61' title='bbox 618 1175 733 1242; x_wconf 85' lang='lat' dir='ltr'><strong>agmen</strong></span> <span class='ocrx_word' id='word_1_62' title='bbox 743 1150 858 1214; x_wconf 89' lang='lat' dir='ltr'><strong>ordine</strong></span> <span class='ocrx_word' id='word_1_63' title='bbox 870 1152 916 1214; x_wconf 90' lang='lat' dir='ltr'><strong>ire</strong></span> <span class='ocrx_word' id='word_1_64' title='bbox 926 1151 1056 1230; x_wconf 89' lang='lat' dir='ltr'><strong>jusserit</strong></span> <span class='ocrx_word' id='word_1_65' title='bbox 1066 1151 1237 1234; x_wconf 84' lang='lat' dir='ltr'><strong>Hannibal,</strong></span> 
     </span>
     <span class='ocr_line' id='line_1_9' title="bbox 174 1251 1249 1342; baseline -0.007 -24"><span class='ocrx_word' id='word_1_66' title='bbox 174 1255 288 1320; x_wconf 88' lang='lat' dir='ltr'><strong>iisdem</strong></span> <span class='ocrx_word' id='word_1_67' title='bbox 307 1255 374 1318; x_wconf 85' lang='lat' dir='ltr'><strong>fere</strong></span> <span class='ocrx_word' id='word_1_68' title='bbox 394 1277 431 1318; x_wconf 90' lang='lat' dir='ltr'><strong>ac</strong></span> <span class='ocrx_word' id='word_1_69' title='bbox 450 1253 604 1342; x_wconf 88' lang='lat' dir='ltr'><strong>Polybius</strong></span> <span class='ocrx_word' id='word_1_70' title='bbox 623 1252 728 1316; x_wconf 90' lang='lat' dir='ltr'><strong>verbis</strong></span> <span class='ocrx_word' id='word_1_71' title='bbox 753 1251 883 1333; x_wconf 84' lang='lat' dir='ltr'><strong>edocet,</strong></span> <span class='ocrx_word' id='word_1_72' title='bbox 907 1275 1010 1339; x_wconf 88' lang='lat' dir='ltr'><strong>usque</strong></span> <span class='ocrx_word' id='word_1_73' title='bbox 1035 1251 1113 1314; x_wconf 93' lang='lat' dir='ltr'><strong>dum</strong></span> <span class='ocrx_word' id='word_1_74' title='bbox 1136 1275 1249 1340; x_wconf 91' lang='lat' dir='ltr'><strong>prope.</strong></span> 
     </span>
     <span class='ocr_line' id='line_1_10' title="bbox 175 1353 1240 1442; baseline -0.001 -24"><span class='ocrx_word' id='word_1_75' title='bbox 175 1357 314 1420; x_wconf 79' lang='lat' dir='ltr'><strong>Faesulas</strong></span> <span class='ocrx_word' id='word_1_76' title='bbox 326 1377 403 1418; x_wconf 91' lang='lat' dir='ltr'><strong>eum</strong></span> <span class='ocrx_word' id='word_1_77' title='bbox 419 1353 598 1418; x_wconf 85' lang='lat' dir='ltr'><strong>deduxerit.</strong></span> <span class='ocrx_word' id='word_1_78' title='bbox 611 1386 623 1408; x_wconf 93' lang='grc' dir='ltr'><strong>ιι</strong></span> <span class='ocrx_word' id='word_1_79' title='bbox 633 1353 746 1442; x_wconf 84' lang='lat' dir='ltr'><strong>Regio,</strong></span> <span class='ocrx_word' id='word_1_80' title='bbox 758 1353 876 1439; x_wconf 92' lang='lat' dir='ltr'><strong>inquit,</strong></span> <span class='ocrx_word' id='word_1_81' title='bbox 890 1370 958 1416; x_wconf 87' lang='lat' dir='ltr'><strong>erat</strong></span> <span class='ocrx_word' id='word_1_82' title='bbox 973 1353 1007 1416; x_wconf 93' lang='lat' dir='ltr'><strong>in</strong></span> <span class='ocrx_word' id='word_1_83' title='bbox 1021 1354 1131 1440; x_wconf 91' lang='lat' dir='ltr'><strong>primis</strong></span> <span class='ocrx_word' id='word_1_84' title='bbox 1144 1353 1240 1417; x_wconf 84' lang='lat' dir='ltr'><strong>ltaliae</strong></span> 
     </span>
     <span class='ocr_line' id='line_1_11' title="bbox 176 1455 1242 1542; baseline 0 -23"><span class='ocrx_word' id='word_1_85' title='bbox 176 1488 189 1512; x_wconf 92' lang='grc' dir='ltr'>ι</span> <span class='ocrx_word' id='word_1_86' title='bbox 202 1456 331 1538; x_wconf 79' lang='lat' dir='ltr'><strong>fertilis,</strong></span> <span class='ocrx_word' id='word_1_87' title='bbox 344 1456 472 1520; x_wconf 86' lang='lat' dir='ltr'><strong>Etrusci</strong></span> <span class='ocrx_word' id='word_1_88' title='bbox 489 1456 612 1542; x_wconf 89' lang='lat' dir='ltr'><strong>campi,</strong></span> <span class='ocrx_word' id='word_1_89' title='bbox 629 1455 686 1541; x_wconf 94' lang='lat' dir='ltr'><strong>qui</strong></span> <span class='ocrx_word' id='word_1_90' title='bbox 704 1455 841 1518; x_wconf 79' lang='lat' dir='ltr'><strong>Faesulas</strong></span> <span class='ocrx_word' id='word_1_91' title='bbox 856 1455 940 1518; x_wconf 91' lang='lat' dir='ltr'><strong>inter</strong></span> <span class='ocrx_word' id='word_1_92' title='bbox 955 1456 1185 1542; x_wconf 80' lang='lat' dir='ltr'><strong>Arretiumque</strong></span> <span class='ocrx_word' id='word_1_93' title='bbox 1194 1455 1242 1534; x_wconf 88' lang='lat' dir='ltr'><strong>ja·</strong></span> 
     </span>
     <span class='ocr_line' id='line_1_12' title="bbox 177 1556 1266 1648; baseline -0.002 -28"><span class='ocrx_word' id='word_1_94' title='bbox 177 1588 188 1612; x_wconf 91' lang='grc' dir='ltr'>ι</span> <span class='ocrx_word' id='word_1_95' title='bbox 203 1573 287 1639; x_wconf 91' lang='lat' dir='ltr'><strong>cent,</strong></span> <span class='ocrx_word' id='word_1_96' title='bbox 297 1557 453 1619; x_wconf 87' lang='lat' dir='ltr'><strong>frumenti</strong></span> <span class='ocrx_word' id='word_1_97' title='bbox 463 1579 500 1619; x_wconf 87' lang='lat' dir='ltr'><strong>ae</strong></span> <span class='ocrx_word' id='word_1_98' title='bbox 509 1557 634 1644; x_wconf 88' lang='lat' dir='ltr'><strong>pecoris</strong></span> <span class='ocrx_word' id='word_1_99' title='bbox 641 1572 674 1618; x_wconf 89' lang='lat' dir='ltr'><strong>et</strong></span> <span class='ocrx_word' id='word_1_100' title='bbox 684 1556 831 1618; x_wconf 90' lang='lat' dir='ltr'><strong>omnium</strong></span> <span class='ocrx_word' id='word_1_101' title='bbox 841 1558 933 1644; x_wconf 91' lang='lat' dir='ltr'><strong>copia</strong></span> <span class='ocrx_word' id='word_1_102' title='bbox 943 1578 1052 1620; x_wconf 90' lang='lat' dir='ltr'><strong>rerum</strong></span> <span class='ocrx_word' id='word_1_103' title='bbox 1062 1557 1243 1644; x_wconf 72' lang='lat' dir='ltr'><strong>opulenti»;</strong></span> <span class='ocrx_word' id='word_1_104' title='bbox 1262 1633 1266 1648; x_wconf 24' lang='grc' dir='ltr'><strong><em>Δ</em></strong></span> 
     </span>
     <span class='ocr_line' id='line_1_13' title="bbox 178 1657 1240 1746; baseline 0.002 -26"><span class='ocrx_word' id='word_1_105' title='bbox 178 1679 295 1746; x_wconf 90' lang='lat' dir='ltr'><strong>nempe</strong></span> <span class='ocrx_word' id='word_1_106' title='bbox 309 1659 457 1745; x_wconf 86' lang='lat' dir='ltr'><strong>superior</strong></span> <span class='ocrx_word' id='word_1_107' title='bbox 473 1659 551 1723; x_wconf 85' lang='lat' dir='ltr'><strong>Arni</strong></span> <span class='ocrx_word' id='word_1_108' title='bbox 566 1657 653 1721; x_wconf 86' lang='lat' dir='ltr'><strong>vallis</strong></span> <span class='ocrx_word' id='word_1_109' title='bbox 668 1681 674 1720; x_wconf 94' lang='lat'><strong>:</strong></span> <span class='ocrx_word' id='word_1_110' title='bbox 687 1679 723 1721; x_wconf 88' lang='lat' dir='ltr'><strong>ac</strong></span> <span class='ocrx_word' id='word_1_111' title='bbox 737 1674 908 1745; x_wconf 86' lang='lat' dir='ltr'><strong>postquam</strong></span> <span class='ocrx_word' id='word_1_112' title='bbox 926 1659 1090 1745; x_wconf 89' lang='lat' dir='ltr'><strong>exposuit,</strong></span> <span class='ocrx_word' id='word_1_113' title='bbox 1104 1658 1240 1746; x_wconf 87' lang='lat' dir='ltr'><strong>Polybio</strong></span> 
     </span>
     <span class='ocr_line' id='line_1_14' title="bbox 177 1757 1242 1850; baseline -0.001 -28"><span class='ocrx_word' id='word_1_114' title='bbox 177 1773 328 1841; x_wconf 90' lang='lat' dir='ltr'><strong>auctore,</strong></span> <span class='ocrx_word' id='word_1_115' title='bbox 340 1781 436 1846; x_wconf 91' lang='lat' dir='ltr'><strong>quam</strong></span> <span class='ocrx_word' id='word_1_116' title='bbox 449 1757 490 1821; x_wconf 92' lang='lat' dir='ltr'><strong>de</strong></span> <span class='ocrx_word' id='word_1_117' title='bbox 498 1758 631 1821; x_wconf 90' lang='lat' dir='ltr'><strong>consule</strong></span> <span class='ocrx_word' id='word_1_118' title='bbox 645 1758 831 1845; x_wconf 89' lang='lat' dir='ltr'><strong>opinionem</strong></span> <span class='ocrx_word' id='word_1_119' title='bbox 849 1759 967 1820; x_wconf 91' lang='lat' dir='ltr'><strong>Poenus</strong></span> <span class='ocrx_word' id='word_1_120' title='bbox 980 1760 1180 1850; x_wconf 81' lang='lat' dir='ltr'><strong>conceperit,</strong></span> <span class='ocrx_word' id='word_1_121' title='bbox 1197 1760 1242 1822; x_wconf 90' lang='lat' dir='ltr'><strong>sie</strong></span> 
     </span>
     <span class='ocr_line' id='line_1_15' title="bbox 178 1858 1242 1950; baseline -0.001 -25"><span class='ocrx_word' id='word_1_122' title='bbox 178 1861 299 1950; x_wconf 79' lang='lat' dir='ltr'><strong>pergit:</strong></span> <span class='ocrx_word' id='word_1_123' title='bbox 316 1859 415 1924; x_wconf 77' lang='lat' dir='ltr'><strong>«laeva</strong></span> <span class='ocrx_word' id='word_1_124' title='bbox 434 1860 546 1922; x_wconf 89' lang='lat' dir='ltr'><strong>relicto</strong></span> <span class='ocrx_word' id='word_1_125' title='bbox 564 1860 674 1941; x_wconf 88' lang='lat' dir='ltr'><strong>hoste,</strong></span> <span class='ocrx_word' id='word_1_126' title='bbox 693 1858 835 1922; x_wconf 69' lang='lat' dir='ltr'><strong>Faesulas</strong></span> <span class='ocrx_word' id='word_1_127' title='bbox 843 1873 965 1946; x_wconf 84' lang='lat' dir='ltr'><strong>petens,</strong></span> <span class='ocrx_word' id='word_1_128' title='bbox 984 1859 1091 1922; x_wconf 84' lang='lat' dir='ltr'><strong>medio</strong></span> <span class='ocrx_word' id='word_1_129' title='bbox 1106 1861 1242 1924; x_wconf 85' lang='lat' dir='ltr'><strong>Etruriae</strong></span> 
     </span>
     <span class='ocr_line' id='line_1_16' title="bbox 179 1961 1241 2052; baseline 0 -27"><span class='ocrx_word' id='word_1_130' title='bbox 179 1984 281 2052; x_wconf 78' lang='lat' dir='ltr'><strong>«agro</strong></span> <span class='ocrx_word' id='word_1_131' title='bbox 306 1961 484 2049; x_wconf 78' lang='lat' dir='ltr'><strong>proedatum</strong></span> <span class='ocrx_word' id='word_1_132' title='bbox 501 1961 680 2048; x_wconf 87' lang='lat' dir='ltr'><strong>profectus,</strong></span> <span class='ocrx_word' id='word_1_133' title='bbox 699 1976 852 2048; x_wconf 89' lang='lat' dir='ltr'><strong>quantam</strong></span> <span class='ocrx_word' id='word_1_134' title='bbox 871 1962 1041 2025; x_wconf 84' lang='lat' dir='ltr'><strong>maximam</strong></span> <span class='ocrx_word' id='word_1_135' title='bbox 1062 1963 1241 2025; x_wconf 84' lang='lat' dir='ltr'><strong>vastitatem</strong></span> 
     </span>
     <span class='ocr_line' id='line_1_17' title="bbox 178 2061 1241 2151; baseline 0.001 -25"><span class='ocrx_word' id='word_1_136' title='bbox 178 2079 326 2151; x_wconf 72' lang='lat' dir='ltr'><strong>«potest,</strong></span> <span class='ocrx_word' id='word_1_137' title='bbox 352 2061 493 2125; x_wconf 72' lang='lat' dir='ltr'><strong>cudibus</strong></span> <span class='ocrx_word' id='word_1_138' title='bbox 512 2061 753 2150; x_wconf 87' lang='lat' dir='ltr'><strong>incendiisque,</strong></span> <span class='ocrx_word' id='word_1_139' title='bbox 772 2063 897 2124; x_wconf 91' lang='lat' dir='ltr'><strong>consuli</strong></span> <span class='ocrx_word' id='word_1_140' title='bbox 925 2064 1039 2149; x_wconf 91' lang='lat' dir='ltr'><strong>procul</strong></span> <span class='ocrx_word' id='word_1_141' title='bbox 1065 2062 1207 2127; x_wconf 88' lang='lat' dir='ltr'><strong>ostendit</strong></span> <span class='ocrx_word' id='word_1_142' title='bbox 1218 2095 1241 2128; x_wconf 83' lang='lat'><strong>».</strong></span> 
     </span>
     <span class='ocr_line' id='line_1_18' title="bbox 178 2163 1322 2253; baseline 0.001 -26"><span class='ocrx_word' id='word_1_143' title='bbox 178 2163 305 2228; x_wconf 86' lang='lat' dir='ltr'><strong>Deinde</strong></span> <span class='ocrx_word' id='word_1_144' title='bbox 321 2179 446 2244; x_wconf 86' lang='lat' dir='ltr'><strong>narrat,</strong></span> <span class='ocrx_word' id='word_1_145' title='bbox 464 2179 502 2227; x_wconf 90' lang='lat' dir='ltr'><strong>ut</strong></span> <span class='ocrx_word' id='word_1_146' title='bbox 522 2163 620 2227; x_wconf 76' lang='lat' dir='ltr'><strong>iratru</strong></span> <span class='ocrx_word' id='word_1_147' title='bbox 641 2186 675 2228; x_wconf 92' lang='lat' dir='ltr'><strong>se</strong></span> <span class='ocrx_word' id='word_1_148' title='bbox 698 2186 736 2227; x_wconf 81' lang='lat' dir='ltr'><strong>ex</strong></span> <span class='ocrx_word' id='word_1_149' title='bbox 755 2165 890 2228; x_wconf 86' lang='lat' dir='ltr'><strong>consilio</strong></span> <span class='ocrx_word' id='word_1_150' title='bbox 913 2166 1109 2253; x_wconf 88' lang='lat' dir='ltr'><strong>proripuerit</strong></span> <span class='ocrx_word' id='word_1_151' title='bbox 1130 2167 1245 2230; x_wconf 81' lang='lat' dir='ltr'><strong>Flami·</strong></span> <span class='ocrx_word' id='word_1_152' title='bbox 1318 2207 1322 2211; x_wconf 90' lang='lat'><em>-</em></span> 
     </span>
     <span class='ocr_line' id='line_1_19' title="bbox 179 2264 1244 2354; baseline 0.004 -27"><span class='ocrx_word' id='word_1_153' title='bbox 179 2264 272 2346; x_wconf 90' lang='lat' dir='ltr'><strong>nius,</strong></span> <span class='ocrx_word' id='word_1_154' title='bbox 293 2266 504 2354; x_wconf 80' lang='lat' dir='ltr'><strong>¹signumque</strong></span> <span class='ocrx_word' id='word_1_155' title='bbox 532 2265 627 2329; x_wconf 89' lang='lat' dir='ltr'><strong>simul</strong></span> <span class='ocrx_word' id='word_1_156' title='bbox 658 2266 781 2330; x_wconf 90' lang='lat' dir='ltr'><strong>itineris</strong></span> <span class='ocrx_word' id='word_1_157' title='bbox 806 2289 989 2354; x_wconf 84' lang='lat' dir='ltr'><strong>pugnaeque</strong></span> <span class='ocrx_word' id='word_1_158' title='bbox 1016 2269 1244 2354; x_wconf 80' lang='lat' dir='ltr'><strong>proposuerit,</strong></span> 
     </span>
     <span class='ocr_line' id='line_1_20' title="bbox 180 2366 1245 2454; baseline 0.002 -26"><span class='ocrx_word' id='word_1_159' title='bbox 180 2388 339 2453; x_wconf 87' lang='lat' dir='ltr'><strong>moxque,</strong></span> <span class='ocrx_word' id='word_1_160' title='bbox 351 2389 420 2454; x_wconf 91' lang='lat' dir='ltr'><strong>cap.</strong></span> <span class='ocrx_word' id='word_1_161' title='bbox 439 2371 480 2446; x_wconf 71' lang='lat'><strong>4,</strong></span> <span class='ocrx_word' id='word_1_162' title='bbox 496 2397 509 2422; x_wconf 92' lang='grc' dir='ltr'>ι</span> <span class='ocrx_word' id='word_1_163' title='bbox 522 2367 697 2447; x_wconf 91' lang='lat' dir='ltr'><strong>Hannibal,</strong></span> <span class='ocrx_word' id='word_1_164' title='bbox 711 2366 801 2454; x_wconf 92' lang='lat' dir='ltr'><strong>quod</strong></span> <span class='ocrx_word' id='word_1_165' title='bbox 816 2367 883 2454; x_wconf 84' lang='lat' dir='ltr'><strong>agri</strong></span> <span class='ocrx_word' id='word_1_166' title='bbox 899 2383 948 2430; x_wconf 88' lang='lat' dir='ltr'><strong>est</strong></span> <span class='ocrx_word' id='word_1_167' title='bbox 965 2367 1051 2430; x_wconf 90' lang='lat' dir='ltr'><strong>inter</strong></span> <span class='ocrx_word' id='word_1_168' title='bbox 1068 2368 1245 2431; x_wconf 90' lang='lat' dir='ltr'><strong>Cortonam</strong></span> 
     </span>
     <span class='ocr_line' id='line_1_21' title="bbox 179 2467 1245 2557; baseline 0.004 -27"><span class='ocrx_word' id='word_1_169' title='bbox 179 2499 190 2521; x_wconf 93' lang='grc' dir='ltr'>ι</span> <span class='ocrx_word' id='word_1_170' title='bbox 207 2468 322 2530; x_wconf 90' lang='lat' dir='ltr'><strong>urbem</strong></span> <span class='ocrx_word' id='word_1_171' title='bbox 330 2469 622 2557; x_wconf 84' lang='lat' dir='ltr'><strong>Trasimenumque</strong></span> <span class='ocrx_word' id='word_1_172' title='bbox 638 2470 743 2532; x_wconf 89' lang='lat' dir='ltr'><strong>laeum</strong></span> <span class='ocrx_word' id='word_1_173' title='bbox 754 2517 762 2550; x_wconf 97' lang='lat'><strong>,</strong></span> <span class='ocrx_word' id='word_1_174' title='bbox 773 2469 862 2531; x_wconf 90' lang='lat' dir='ltr'><strong>omni</strong></span> <span class='ocrx_word' id='word_1_175' title='bbox 878 2467 966 2531; x_wconf 90' lang='lat' dir='ltr'><strong>clade</strong></span> <span class='ocrx_word' id='word_1_176' title='bbox 980 2468 1053 2531; x_wconf 88' lang='lat' dir='ltr'><strong>belli</strong></span> <span class='ocrx_word' id='word_1_177' title='bbox 1069 2485 1245 2555; x_wconf 86' lang='lat' dir='ltr'><strong>pervastat,</strong></span> 
     </span>
     <span class='ocr_line' id='line_1_22' title="bbox 180 2567 1244 2654; baseline 0.002 -24"><span class='ocrx_word' id='word_1_178' title='bbox 180 2599 193 2623; x_wconf 84' lang='lat'>«</span> <span class='ocrx_word' id='word_1_179' title='bbox 205 2588 272 2654; x_wconf 89' lang='lat' dir='ltr'><strong>quo</strong></span> <span class='ocrx_word' id='word_1_180' title='bbox 288 2567 389 2654; x_wconf 83' lang='lat' dir='ltr'><strong>magis</strong></span> <span class='ocrx_word' id='word_1_181' title='bbox 404 2569 484 2630; x_wconf 85' lang='lat' dir='ltr'><strong>iram</strong></span> <span class='ocrx_word' id='word_1_182' title='bbox 502 2570 605 2649; x_wconf 92' lang='lat' dir='ltr'><strong>hosti,</strong></span> <span class='ocrx_word' id='word_1_183' title='bbox 631 2568 672 2632; x_wconf 89' lang='lat' dir='ltr'><strong>ad</strong></span> <span class='ocrx_word' id='word_1_184' title='bbox 690 2567 896 2632; x_wconf 88' lang='lat' dir='ltr'><strong>vindicandas</strong></span> <span class='ocrx_word' id='word_1_185' title='bbox 922 2569 1085 2631; x_wconf 87' lang='lat' dir='ltr'><strong>sociorum</strong></span> <span class='ocrx_word' id='word_1_186' title='bbox 1113 2569 1244 2646; x_wconf 78' lang='lat' dir='ltr'><strong>injurias</strong></span> 
     </span>
     <span class='ocr_line' id='line_1_23' title="bbox 180 2665 1013 2756; baseline 0.004 -28"><span class='ocrx_word' id='word_1_187' title='bbox 180 2697 192 2719; x_wconf 94' lang='grc' dir='ltr'><strong>ιι</strong></span> <span class='ocrx_word' id='word_1_188' title='bbox 204 2681 328 2730; x_wconf 79' lang='lat' dir='ltr'><strong>acuat»,</strong></span> <span class='ocrx_word' id='word_1_189' title='bbox 345 2665 504 2728; x_wconf 85' lang='lat' dir='ltr'><strong>Caeterum</strong></span> <span class='ocrx_word' id='word_1_190' title='bbox 523 2667 568 2730; x_wconf 92' lang='lat' dir='ltr'><strong>nil</strong></span> <span class='ocrx_word' id='word_1_191' title='bbox 584 2691 603 2728; x_wconf 90' lang='lat' dir='ltr'><strong>a</strong></span> <span class='ocrx_word' id='word_1_192' title='bbox 619 2668 754 2756; x_wconf 81' lang='lat' dir='ltr'><strong>Polybio</strong></span> <span class='ocrx_word' id='word_1_193' title='bbox 771 2669 880 2731; x_wconf 80' lang='lat' dir='ltr'><strong>diflert</strong></span> <span class='ocrx_word' id='word_1_194' title='bbox 895 2670 1013 2732; x_wconf 84' lang='lat' dir='ltr'><strong>Livius.</strong></span> 
     </span>
    </p>

    <p class='ocr_par' dir='ltr' id='par_1_3' title="bbox 181 2769 1293 4072">
     <span class='ocr_line' id='line_1_24' title="bbox 223 2769 1244 2858; baseline 0.003 -24"><span class='ocrx_word' id='word_1_195' title='bbox 223 2770 268 2834; x_wconf 87' lang='lat' dir='ltr'><strong>Ea</strong></span> <span class='ocrx_word' id='word_1_196' title='bbox 279 2787 386 2834; x_wconf 91' lang='lat' dir='ltr'><strong>autem</strong></span> <span class='ocrx_word' id='word_1_197' title='bbox 399 2769 507 2851; x_wconf 86' lang='lat' dir='ltr'><strong>verba,</strong></span> <span class='ocrx_word' id='word_1_198' title='bbox 519 2770 661 2833; x_wconf 83' lang='lat' dir='ltr'><strong>Faesulas</strong></span> <span class='ocrx_word' id='word_1_199' title='bbox 666 2787 784 2858; x_wconf 82' lang='lat' dir='ltr'><strong>petens,</strong></span> <span class='ocrx_word' id='word_1_200' title='bbox 798 2773 931 2834; x_wconf 87' lang='lat' dir='ltr'><strong>multam</strong></span> <span class='ocrx_word' id='word_1_201' title='bbox 946 2772 1060 2834; x_wconf 87' lang='lat' dir='ltr'><strong>huicce</strong></span> <span class='ocrx_word' id='word_1_202' title='bbox 1072 2775 1244 2858; x_wconf 86' lang='lat' dir='ltr'><strong>quaestioni</strong></span> 
     </span>
     <span class='ocr_line' id='line_1_25' title="bbox 181 2872 1243 2958; baseline 0.006 -24"><span class='ocrx_word' id='word_1_203' title='bbox 181 2888 309 2937; x_wconf 92' lang='lat' dir='ltr'><strong>noctem</strong></span> <span class='ocrx_word' id='word_1_204' title='bbox 334 2872 499 2953; x_wconf 86' lang='lat' dir='ltr'><strong>offudere,</strong></span> <span class='ocrx_word' id='word_1_205' title='bbox 517 2873 650 2958; x_wconf 80' lang='lat' dir='ltr'><strong>hicque,</strong></span> <span class='ocrx_word' id='word_1_206' title='bbox 671 2889 728 2934; x_wconf 93' lang='lat' dir='ltr'><strong>aut</strong></span> <span class='ocrx_word' id='word_1_207' title='bbox 751 2874 877 2936; x_wconf 87' lang='lat' dir='ltr'><strong>Livium</strong></span> <span class='ocrx_word' id='word_1_208' title='bbox 894 2895 1029 2955; x_wconf 88' lang='lat' dir='ltr'><strong>errasse,</strong></span> <span class='ocrx_word' id='word_1_209' title='bbox 1052 2890 1109 2937; x_wconf 88' lang='lat' dir='ltr'><strong>aut</strong></span> <span class='ocrx_word' id='word_1_210' title='bbox 1124 2876 1243 2940; x_wconf 91' lang='lat' dir='ltr'><strong>scribas</strong></span> 
     </span>
     <span class='ocr_line' id='line_1_26' title="bbox 181 2971 1244 3061; baseline 0.005 -25"><span class='ocrx_word' id='word_1_211' title='bbox 181 2975 238 3060; x_wconf 94' lang='lat' dir='ltr'><strong>qui</strong></span> <span class='ocrx_word' id='word_1_212' title='bbox 254 2973 348 3038; x_wconf 92' lang='lat' dir='ltr'><strong>nobis</strong></span> <span class='ocrx_word' id='word_1_213' title='bbox 365 2996 462 3061; x_wconf 89' lang='lat' dir='ltr'><strong>opera</strong></span> <span class='ocrx_word' id='word_1_214' title='bbox 477 2973 555 3037; x_wconf 89' lang='lat' dir='ltr'><strong>Livii</strong></span> <span class='ocrx_word' id='word_1_215' title='bbox 570 2971 788 3053; x_wconf 89' lang='lat' dir='ltr'><strong>tradiderunt,</strong></span> <span class='ocrx_word' id='word_1_216' title='bbox 806 2995 935 3037; x_wconf 89' lang='lat' dir='ltr'><strong>necesse</strong></span> <span class='ocrx_word' id='word_1_217' title='bbox 954 2990 1012 3037; x_wconf 91' lang='lat' dir='ltr'><strong>est.</strong></span> <span class='ocrx_word' id='word_1_218' title='bbox 1030 2975 1244 3041; x_wconf 89' lang='lat' dir='ltr'><strong>Hannibalem</strong></span> 
     </span>
     <span class='ocr_line' id='line_1_27' title="bbox 182 3073 1244 3163; baseline 0.008 -28"><span class='ocrx_word' id='word_1_219' title='bbox 182 3094 258 3135; x_wconf 88' lang='lat' dir='ltr'><strong>sane</strong></span> <span class='ocrx_word' id='word_1_220' title='bbox 274 3090 409 3156; x_wconf 86' lang='lat' dir='ltr'><strong>constat,</strong></span> <span class='ocrx_word' id='word_1_221' title='bbox 422 3096 519 3161; x_wconf 90' lang='lat' dir='ltr'><strong>quem</strong></span> <span class='ocrx_word' id='word_1_222' title='bbox 535 3073 674 3138; x_wconf 85' lang='lat' dir='ltr'><strong>vidimus</strong></span> <span class='ocrx_word' id='word_1_223' title='bbox 684 3073 721 3137; x_wconf 93' lang='lat' dir='ltr'><strong>iis</strong></span> <span class='ocrx_word' id='word_1_224' title='bbox 737 3075 856 3162; x_wconf 89' lang='lat' dir='ltr'><strong>campis</strong></span> <span class='ocrx_word' id='word_1_225' title='bbox 865 3075 1021 3163; x_wconf 90' lang='lat' dir='ltr'><strong>potitum,</strong></span> <span class='ocrx_word' id='word_1_226' title='bbox 1036 3078 1092 3163; x_wconf 91' lang='lat' dir='ltr'><strong>qui</strong></span> <span class='ocrx_word' id='word_1_227' title='bbox 1106 3079 1244 3142; x_wconf 84' lang='lat' dir='ltr'><strong>Faesulas</strong></span> 
     </span>
     <span class='ocr_line' id='line_1_28' title="bbox 182 3174 1243 3262; baseline 0.007 -27"><span class='ocrx_word' id='word_1_228' title='bbox 182 3175 265 3237; x_wconf 86' lang='lat' dir='ltr'><strong>inter</strong></span> <span class='ocrx_word' id='word_1_229' title='bbox 271 3175 499 3262; x_wconf 88' lang='lat' dir='ltr'><strong>Arretiumque</strong></span> <span class='ocrx_word' id='word_1_230' title='bbox 505 3176 628 3256; x_wconf 85' lang='lat' dir='ltr'><strong>jacent,</strong></span> <span class='ocrx_word' id='word_1_231' title='bbox 639 3174 847 3261; x_wconf 69' lang='lat' dir='ltr'><strong>cedibusque</strong></span> <span class='ocrx_word' id='word_1_232' title='bbox 859 3191 892 3238; x_wconf 92' lang='lat' dir='ltr'><strong>et</strong></span> <span class='ocrx_word' id='word_1_233' title='bbox 900 3175 1057 3240; x_wconf 88' lang='lat' dir='ltr'><strong>incendiis</strong></span> <span class='ocrx_word' id='word_1_234' title='bbox 1069 3192 1243 3242; x_wconf 87' lang='lat' dir='ltr'><strong>certantem</strong></span> 
     </span>
     <span class='ocr_line' id='line_1_29' title="bbox 181 3276 1243 3359; baseline 0.005 -22"><span class='ocrx_word' id='word_1_235' title='bbox 181 3292 217 3338; x_wconf 93' lang='lat' dir='ltr'><strong>ut</strong></span> <span class='ocrx_word' id='word_1_236' title='bbox 237 3277 352 3340; x_wconf 81' lang='lat' dir='ltr'><strong>consul</strong></span> <span class='ocrx_word' id='word_1_237' title='bbox 375 3278 487 3341; x_wconf 88' lang='lat' dir='ltr'><strong>relicto</strong></span> <span class='ocrx_word' id='word_1_238' title='bbox 504 3277 629 3340; x_wconf 88' lang='lat' dir='ltr'><strong>Arretio</strong></span> <span class='ocrx_word' id='word_1_239' title='bbox 651 3278 823 3341; x_wconf 84' lang='lat' dir='ltr'><strong>Cortonam</strong></span> <span class='ocrx_word' id='word_1_240' title='bbox 842 3276 976 3341; x_wconf 89' lang='lat' dir='ltr'><strong>demum</strong></span> <span class='ocrx_word' id='word_1_241' title='bbox 995 3276 1154 3359; x_wconf 88' lang='lat' dir='ltr'><strong>flecteret,</strong></span> <span class='ocrx_word' id='word_1_242' title='bbox 1175 3301 1243 3343; x_wconf 93' lang='lat' dir='ltr'><strong>non</strong></span> 
     </span>
     <span class='ocr_line' id='line_1_30' title="bbox 182 3378 1245 3466; baseline 0.003 -27"><span class='ocrx_word' id='word_1_243' title='bbox 182 3397 292 3440; x_wconf 88' lang='lat' dir='ltr'><strong>averso</strong></span> <span class='ocrx_word' id='word_1_244' title='bbox 300 3378 414 3442; x_wconf 91' lang='lat' dir='ltr'><strong>itinere</strong></span> <span class='ocrx_word' id='word_1_245' title='bbox 423 3378 691 3465; x_wconf 78' lang='lat' dir='ltr'><strong>petiisseFaesulas</strong></span> <span class='ocrx_word' id='word_1_246' title='bbox 701 3379 708 3440; x_wconf 84' lang='lat' dir='ltr'><strong>l</strong></span> <span class='ocrx_word' id='word_1_247' title='bbox 718 3378 839 3443; x_wconf 91' lang='lat' dir='ltr'><strong>Debuit</strong></span> <span class='ocrx_word' id='word_1_248' title='bbox 847 3378 947 3466; x_wconf 83' lang='lat' dir='ltr'><strong>igitur</strong></span> <span class='ocrx_word' id='word_1_249' title='bbox 955 3378 1245 3460; x_wconf 86' lang='lat' dir='ltr'><strong>Livius,auctorem</strong></span> 
     </span>
     <span class='ocr_line' id='line_1_31' title="bbox 182 3478 1247 3567; baseline 0.001 -26"><span class='ocrx_word' id='word_1_250' title='bbox 182 3501 286 3564; x_wconf 85' lang='lat' dir='ltr'><strong>usque</strong></span> <span class='ocrx_word' id='word_1_251' title='bbox 295 3479 465 3567; x_wconf 91' lang='lat' dir='ltr'><strong>Polybium</strong></span> <span class='ocrx_word' id='word_1_252' title='bbox 476 3493 643 3566; x_wconf 89' lang='lat' dir='ltr'><strong>sequutus,</strong></span> <span class='ocrx_word' id='word_1_253' title='bbox 654 3479 775 3544; x_wconf 92' lang='lat' dir='ltr'><strong>nedum</strong></span> <span class='ocrx_word' id='word_1_254' title='bbox 782 3480 920 3542; x_wconf 85' lang='lat' dir='ltr'><strong>Faesulas</strong></span> <span class='ocrx_word' id='word_1_255' title='bbox 928 3478 1119 3566; x_wconf 84' lang='lat' dir='ltr'><strong>perduceret</strong></span> <span class='ocrx_word' id='word_1_256' title='bbox 1126 3480 1247 3544; x_wconf 86' lang='lat' dir='ltr'><strong>Hanni·</strong></span> 
     </span>
     <span class='ocr_line' id='line_1_32' title="bbox 182 3580 1246 3668; baseline 0.002 -26"><span class='ocrx_word' id='word_1_257' title='bbox 182 3580 297 3660; x_wconf 89' lang='lat' dir='ltr'><strong>balem,</strong></span> <span class='ocrx_word' id='word_1_258' title='bbox 305 3580 421 3643; x_wconf 87' lang='lat' dir='ltr'><strong>Poenos</strong></span> <span class='ocrx_word' id='word_1_259' title='bbox 428 3597 538 3644; x_wconf 87' lang='lat' dir='ltr'><strong>contra</strong></span> <span class='ocrx_word' id='word_1_260' title='bbox 547 3581 677 3645; x_wconf 83' lang='lat' dir='ltr'><strong>Faesulis</strong></span> <span class='ocrx_word' id='word_1_261' title='bbox 687 3581 855 3646; x_wconf 89' lang='lat' dir='ltr'><strong>abducere.</strong></span> <span class='ocrx_word' id='word_1_262' title='bbox 864 3583 983 3644; x_wconf 87' lang='lat' dir='ltr'><strong>Forsan</strong></span> <span class='ocrx_word' id='word_1_263' title='bbox 993 3581 1098 3668; x_wconf 90' lang='lat' dir='ltr'><strong>etipse</strong></span> <span class='ocrx_word' id='word_1_264' title='bbox 1105 3582 1246 3644; x_wconf 84' lang='lat' dir='ltr'><strong>Foesulas</strong></span> 
     </span>
     <span class='ocr_line' id='line_1_33' title="bbox 183 3679 1245 3771; baseline 0.002 -29"><span class='ocrx_word' id='word_1_265' title='bbox 183 3681 322 3769; x_wconf 79' lang='lat' dir='ltr'><strong>linquens</strong></span> <span class='ocrx_word' id='word_1_266' title='bbox 333 3680 517 3768; x_wconf 85' lang='lat' dir='ltr'><strong>scripserat,</strong></span> <span class='ocrx_word' id='word_1_267' title='bbox 533 3704 600 3745; x_wconf 87' lang='lat' dir='ltr'><strong>non</strong></span> <span class='ocrx_word' id='word_1_268' title='bbox 610 3682 750 3747; x_wconf 81' lang='lat' dir='ltr'><strong>Faesulas</strong></span> <span class='ocrx_word' id='word_1_269' title='bbox 755 3696 874 3771; x_wconf 77' lang='lat' dir='ltr'><strong>petens.</strong></span> <span class='ocrx_word' id='word_1_270' title='bbox 888 3679 989 3762; x_wconf 90' lang='lat' dir='ltr'><strong>Quod</strong></span> <span class='ocrx_word' id='word_1_271' title='bbox 1002 3681 1028 3743; x_wconf 90' lang='lat' dir='ltr'><strong>si</strong></span> <span class='ocrx_word' id='word_1_272' title='bbox 1042 3697 1245 3768; x_wconf 84' lang='lat' dir='ltr'><strong>compertum</strong></span> 
     </span>
     <span class='ocr_line' id='line_1_34' title="bbox 183 3781 1293 3874; baseline 0.001 -31"><span class='ocrx_word' id='word_1_273' title='bbox 183 3783 393 3857; x_wconf 86' lang='lat' dir='ltr'><strong>haberemus,</strong></span> <span class='ocrx_word' id='word_1_274' title='bbox 408 3784 515 3847; x_wconf 88' lang='lat' dir='ltr'><strong>Livius</strong></span> <span class='ocrx_word' id='word_1_275' title='bbox 537 3785 602 3863; x_wconf 87' lang='lat' dir='ltr'><strong>jam</strong></span> <span class='ocrx_word' id='word_1_276' title='bbox 626 3785 846 3874; x_wconf 81' lang='lat' dir='ltr'><strong>Polybiusque</strong></span> <span class='ocrx_word' id='word_1_277' title='bbox 869 3785 902 3846; x_wconf 94' lang='lat' dir='ltr'><strong>in</strong></span> <span class='ocrx_word' id='word_1_278' title='bbox 927 3804 966 3846; x_wconf 88' lang='lat' dir='ltr'><strong>eo</strong></span> <span class='ocrx_word' id='word_1_279' title='bbox 994 3781 1245 3862; x_wconf 77' lang='lat' dir='ltr'><strong>concordarent,</strong></span> <span class='ocrx_word' id='word_1_280' title='bbox 1289 3826 1293 3832; x_wconf 94' lang='lat'>-</span> 
     </span>
     <span class='ocr_line' id='line_1_35' title="bbox 183 3882 1245 3974; baseline 0.001 -29"><span class='ocrx_word' id='word_1_281' title='bbox 183 3905 290 3970; x_wconf 87' lang='lat' dir='ltr'><strong>neque</strong></span> <span class='ocrx_word' id='word_1_282' title='bbox 308 3884 398 3946; x_wconf 91' lang='lat' dir='ltr'><strong>aliter</strong></span> <span class='ocrx_word' id='word_1_283' title='bbox 417 3883 590 3966; x_wconf 85' lang='lat' dir='ltr'><strong>differunt,</strong></span> <span class='ocrx_word' id='word_1_284' title='bbox 609 3909 705 3973; x_wconf 89' lang='lat' dir='ltr'><strong>quam</strong></span> <span class='ocrx_word' id='word_1_285' title='bbox 725 3884 814 3974; x_wconf 92' lang='lat' dir='ltr'><strong>quod</strong></span> <span class='ocrx_word' id='word_1_286' title='bbox 828 3883 951 3952; x_wconf 84' lang='lat' dir='ltr'><strong>addidit</strong></span> <span class='ocrx_word' id='word_1_287' title='bbox 968 3883 1091 3960; x_wconf 82' lang='lat' dir='ltr'><strong>Livius,</strong></span> <span class='ocrx_word' id='word_1_288' title='bbox 1111 3882 1245 3968; x_wconf 89' lang='lat' dir='ltr'><strong>paludes</strong></span> 
     </span>
     <span class='ocr_line' id='line_1_36' title="bbox 184 3984 1245 4072; baseline 0.005 -28"><span class='ocrx_word' id='word_1_289' title='bbox 184 3984 252 4046; x_wconf 82' lang='lat' dir='ltr'><strong>illas</strong></span> <span class='ocrx_word' id='word_1_290' title='bbox 271 4004 349 4071; x_wconf 86' lang='lat' dir='ltr'><strong>quas</strong></span> <span class='ocrx_word' id='word_1_291' title='bbox 368 3988 542 4070; x_wconf 87' lang='lat' dir='ltr'><strong>permeavit</strong></span> <span class='ocrx_word' id='word_1_292' title='bbox 557 3988 730 4053; x_wconf 89' lang='lat' dir='ltr'><strong>Poenorum</strong></span> <span class='ocrx_word' id='word_1_293' title='bbox 751 3989 918 4067; x_wconf 84' lang='lat' dir='ltr'><strong>exereitus,</strong></span> <span class='ocrx_word' id='word_1_294' title='bbox 932 3985 1058 4050; x_wconf 86' lang='lat' dir='ltr'><strong>easdem</strong></span> <span class='ocrx_word' id='word_1_295' title='bbox 1078 4005 1146 4048; x_wconf 90' lang='lat' dir='ltr'><strong>esse</strong></span> <span class='ocrx_word' id='word_1_296' title='bbox 1167 4009 1245 4072; x_wconf 90' lang='lat' dir='ltr'><strong>quas</strong></span> 
     </span>
    </p>
   </div>
   <div class='ocr_carea' id='block_1_3' title="bbox 226 4189 603 4255">
    <p class='ocr_par' dir='ltr' id='par_1_4' title="bbox 226 4189 603 4255">
     <span class='ocr_line' id='line_1_37' title="bbox 226 4189 603 4255; baseline 0.019 -21"><span class='ocrx_word' id='word_1_297' title='bbox 226 4189 263 4252; x_wconf 86' lang='lat' dir='ltr'><strong>(r)</strong></span> <span class='ocrx_word' id='word_1_298' title='bbox 282 4190 338 4238; x_wconf 84' lang='lat' dir='ltr'><strong>Vid.</strong></span> <span class='ocrx_word' id='word_1_299' title='bbox 352 4190 393 4238; x_wconf 89' lang='lat' dir='ltr'><strong>lib.</strong></span> <span class='ocrx_word' id='word_1_300' title='bbox 408 4194 482 4249; x_wconf 72' lang='lat' dir='ltr'><strong>xxi,</strong></span> <span class='ocrx_word' id='word_1_301' title='bbox 497 4194 542 4253; x_wconf 82' lang='lat'><strong>58,</strong></span> <span class='ocrx_word' id='word_1_302' title='bbox 562 4195 603 4255; x_wconf 81' lang='lat'><strong>59.</strong></span> 
     </span>
    </p>
   </div>
   <div class='ocr_carea' id='block_1_4' title="bbox 905 4279 1051 4349">
    <p class='ocr_par' dir='ltr' id='par_1_5' title="bbox 905 4279 1051 4349">
     <span class='ocr_line' id='line_1_38' title="bbox 905 4279 1051 4349; baseline -0.041 1"><span class='ocrx_word' id='word_1_303' title='bbox 905 4299 906 4306; x_wconf 75' lang='grc'>’</span> <span class='ocrx_word' id='word_1_304' title='bbox 990 4279 1051 4349; x_wconf 78' lang='lat'><strong>36.</strong></span> 
     </span>
    </p>
   </div>
   <div class='ocr_carea' id='block_1_5' title="bbox 0 0 1505 4708">
    <p class='ocr_par' dir='ltr' id='par_1_6' title="bbox 0 0 1505 4708">
     <span class='ocr_line' id='line_1_39' title="bbox 0 0 1505 4708; baseline 0 0"><span class='ocrx_word' id='word_1_305' title='bbox 0 0 1505 4708; x_wconf 95' lang='lat' dir='ltr'><strong> </strong></span> 
     </span>
    </p>
   </div>
  </div>
 </body>
</html>
