2984 4706
211 366 275 463 rt:
289 364 336 463 2331
419 385 581 451 ‘alnae
613 384 745 449 xtrv.
774 382 875 448 cnr.
904 383 1003 450 xvi.
1179 405 1246 478 ¹99

183 503 345 574 ducentis
352 505 470 591 ferme
484 527 575 600 opus
588 526 664 572 erse
674 512 700 586 ²,
717 505 879 570 maxime
893 501 1085 572 Numidis:
1100 503 1249 572 ascribi

183 619 221 682 in
239 614 295 683 his
314 613 400 684 locri
419 613 530 684 ullam
548 617 691 708 copiam
699 635 794 681 esse.
814 611 1188 696 senatusconsultum,
1205 627 1247 683 ut

183 747 224 794 ea
239 725 360 794 omnia
374 747 418 795 ex
432 721 712 794 literisconsulis
727 720 873 807 fierent,
890 718 1024 791 sactum
1038 736 1102 792 est.
1114 727 1154 793 G.
1167 723 1246 792 Sul-

182 834 298 930 picius
314 849 445 931 praetor
461 857 522 904 sex
536 832 646 902 millia
659 847 843 928 togarum,
863 831 1006 926 triginta
1025 832 1244 917 tunicarum,

183 958 222 1014 et
242 967 356 1040 equos
381 943 603 1041 deportanda
625 943 662 1014 in
689 939 957 1025 Macedoniarn,
979 939 1245 1040 praebendaque

183 1051 355 1124 arbitratu
374 1053 530 1124 consulis
554 1047 707 1138 locavit,
726 1066 765 1122 et
787 1050 910 1148 legatis
931 1051 1160 1146 Epirotarum
1181 1076 1245 1150 pe·

174 1155 324 1234 'cuniam
341 1187 409 1260 pro
424 1161 606 1234 frumento
625 1160 751 1248 solvit;
771 1175 807 1230 et
826 1162 1058 1272 Onepimum,
1073 1161 1245 1256 Pythonis

182 1271 318 1362 filium,
337 1272 496 1344 nobilem
516 1270 770 1356 Macedonem,
795 1272 833 1342 in
853 1285 1015 1342 senatum
1034 1270 1244 1343 introduxit.

182 1390 217 1454 Is
230 1385 327 1481 pacis
339 1405 482 1480 semper
495 1397 621 1454 auctor
636 1383 713 1476 regi
730 1379 865 1467 firerat,
881 1395 1160 1477 monueratque,
1183 1384 1244 1456 sic·

182 1509 224 1564 ut
238 1508 340 1591 pater
355 1496 432 1587 ejus
449 1492 634 1590 Philippus
647 1493 850 1562 institutum
872 1515 988 1587 usquc
1010 1490 1054 1561 ad
1075 1491 1242 1564 ultimum

182 1607 261 1676 ritae
286 1605 381 1677 diem
410 1603 592 1689 servabat,
619 1600 780 1700 quotidie
804 1601 914 1673 bisin
937 1600 994 1672 die
1019 1599 1163 1674 foederis
1183 1604 1244 1674 icti

182 1734 263 1784 oum
288 1716 457 1786 Romanis
482 1711 691 1812 perlegendi
703 1708 731 1796 ³,
757 1727 800 1781 ut
824 1735 907 1782 eum
930 1705 1088 1799 morem,
1115 1715 1144 1782 si
1169 1723 1243 1783 non

182 1847 335 1922 semper,
354 1823 482 1895 crebro
496 1839 615 1894 tamen
634 1836 834 1919 usurparet.
854 1826 1048 1917 Postquam
1063 1821 1243 1895 deterrere

182 1958 265 2006 eum
283 1958 303 2004 a
320 1933 592 2029 hellonequiit,
611 1934 728 2030 primo
751 1930 961 2002 subtrahere
982 1955 1059 2002 sese
1076 1956 1142 2029 per
1159 1933 1243 2030 alias

182 2059 289 2140 atque
308 2043 392 2114 alias
410 2067 550 2132 causas,
569 2067 615 2113 ne
632 2044 820 2114 interesset
836 2040 895 2128 iis,
918 2065 998 2138 qum
1014 2041 1091 2113 'non
1111 2041 1244 2141 proba·
1324 2104 1327 2112 ,

181 2152 259 2241 bat,
280 2154 412 2250 coepit:
435 2168 636 2250 postremo,
658 2171 772 2249 quum
791 2166 997 2249 suspectum
1016 2155 1054 2222 se
1069 2175 1145 2222 esse
1164 2177 1243 2224 cer-

181 2278 302 2352 neret,
321 2279 358 2334 et
371 2263 585 2362 proditionis
602 2261 783 2334 interdum
796 2262 944 2366 crimine
964 2259 1178 2346 insimulari,
1197 2262 1242 2332 ad

181 2379 362 2446 Romanos
375 2372 586 2470 transfugit:
607 2395 736 2470 magno
755 2372 837 2442 usui
855 2369 994 2440 consuli
1012 2367 1113 2440 tritt.
1128 2374 1178 2440 Ea
1192 2372 1242 2440 in-

181 2482 369 2556 troductus
391 2486 428 2554 in
453 2486 589 2556 curiam
615 2505 729 2580 quum
756 2495 1009 2566 memorasset,
1037 2494 1179 2550 senatus
1206 2482 1241 2550 in

180 2595 373 2668 formulam
392 2597 573 2666 sociorum
593 2619 676 2666 eum
695 2589 822 2663 referri
838 2592 965 2686 jussit:
983 2591 1119 2698 locum,
1137 2590 1244 2662 lautia

181 2797 267 2839 eram,
293 2783 356 2830 mitri
373 2793 519 2830 commeatus
535 2786 642 2844 prostent.
653 2807 688 2815 -
733 2777 795 2825 diem
808 2794 850 2824 eeu
861 2777 926 2831 dies,
943 2788 967 2823 et
980 2776 1027 2823 del.
1042 2777 1160 2840 quotidie,
1174 2775 1241 2838 quod

184 2865 277 2930 Vtffimi
294 2865 371 2912 millia
386 2863 507 2919 modium,
522 2862 576 2910 fieri
587 2862 621 2909 sit
632 2862 689 2908 Cre·
732 2873 764 2904 ex
773 2848 1097 2920 interpretationessmergini
1106 2855 1242 2917 adscripta,

181 2959 231 2994 ver.
246 2943 342 2994 modios
359 2944 502 3007 perideum
514 2940 688 3005 plue15‚416;
732 2946 815 2984 murm
836 2933 1031 2991 videtirr3Drek.
1046 2957 1081 2969 -
1095 2933 1191 2982 Chriss.
1205 2934 1241 2979 vir

180 3015 363 3071 drammatis,
375 3014 460 3075 7008.
471 3015 518 3062 Eu.
734 3014 862 3076 kreyssig.
882 3011 949 3075 apud
970 3010 1122 3072 (incederem,
1141 3023 1241 3060 couten-

217 3096 329 3159 2.Equr's
343 3093 611 3156 CCfemeopusssse,
626 3092 687 3140 sorte
731 3091 779 3147 dit,
802 3105 861 3154 pag..
878 3091 947 3147 486,
964 3089 1004 3137 hic
1024 3089 1152 3152 legendum
1175 3107 1237 3138 esee:

178 3175 248 3238 equis
262 3177 316 3231 s1.‚·
329 3176 424 3226 Menut.
440 3173 489 3222 Sed
502 3172 581 3235 egitur
594 3179 686 3222 tautum
732 3167 840 3232 quotidie
855 3168 890 3216 bis
905 3167 1011 3218 indum
1021 3165 1143 3232 sardens,
1163 3180 1240 3228 eene
1302 3208 1305 3218 .

182 3254 213 3301 de
236 3253 404 3318 supplemento
425 3267 558 3316 equorum,
581 3249 688 3300 maxime
731 3260 781 3310 quo
793 3261 849 3298 saue
860 3246 974 3298 facillime
982 3247 1108 3310 wetere
1119 3250 1186 3296 neeri
1197 3265 1241 3314 pp

182 3332 363 3390 Numidarum
376 3333 450 3382 Dmk.
460 3357 494 3368 -··
502 3333 552 3378 Sex
563 3328 640 3378 milh'a
652 3339 687 3376 to·
732 3326 793 3386 tuit3
810 3326 961 3374 locutionem
978 3341 1035 3376 vero
1054 3325 1130 3374 index
1135 3319 1240 3392 foe'denls

179 3427 282 3476 garum,
297 3413 360 3460 sorte
376 3427 498 3476 sagorum.
517 3407 567 3460 Sed
579 3408 636 3457 ride
656 3409 686 3458 ad
731 3404 842 3456 libellum
855 3405 972 3452 denotare
984 3406 1027 3468 qui
1039 3421 1132 3453 sumna
1142 3405 1241 3454 foederis

181 3491 282 3548 xm,
297 3492 364 3548 3‚n.
379 3489 573 3546 u-Locavtu
587 3488 687 3537 vidend
731 3483 811 3552 capite
829 3484 946 3534 conduet.
976 3485 1068 3534 Eodem
1092 3485 1142 3534 fere
1169 3500 1239 3537 sensu

181 3572 212 3627 V,
237 3571 284 3626 23,
301 3571 325 3618 6.
345 3595 381 3606 -
404 3571 428 3616 Is
443 3568 513 3632 pacis
531 3584 624 3632 semper
640 3585 687 3616 au·
730 3577 821 3612 nomeu
838 3561 912 3612 indere
931 3564 1039 3612 occurrit
1058 3564 1125 3627 epod
1145 3563 1240 3612 Cicero·

181 3649 291 3714 corregs·
292 3648 394 3712 [κενου
403 3657 472 3696 antee
480 3647 605 3710 legebatur
613 3647 686 3712 mgis,
730 3655 802 3698 uem,
818 3643 843 3688 in
856 3643 925 3702 cajus
939 3641 1006 3695 Phil.
1020 3645 1044 3702 1,
1060 3643 1167 3690 dieder
1180 3642 1238 3705 tegis

181 3727 249 3790 qued
268 3726 405 3774 mendavia
423 3726 507 3789 Sigon.
525 3727 565 3774 eui
586 3727 687 3776 debetur
730 3731 780 3778 est,
794 3721 861 3783 quod
873 3721 1030 3768 summarium
1040 3720 1131 3784 vulgari
1149 3735 1239 3769 sermo-

180 3805 248 3868 quod
259 3821 325 3856 nuuc
337 3805 488 3852 exhibemus.
502 3807 546 3854 Ee.
731 3815 762 3851 ne
774 3799 872 3850 dicitur.
882 3800 927 3868 Ep.

217 3882 686 3948 3.steuepaserejusrtt1ppus...ser-
767 3885 791 3932 t.
805 3880 898 3942 Magno
916 3877 971 3924 usui
983 3876 1077 3926 consuli
1080 3876 1135 3941 βω
1150 3877 1190 3926 ed.
1200 3895 1238 3942 pr.

182 3963 253 4012 vates
262 3963 273 4026 (
282 3964 348 4017 sorte¹
362 3961 496 4026 servasset)
509 3961 617 4025 quotidie
622 3990 681 4012 .....
731 3956 845 4004 Proxima
853 3967 878 4004 et
889 3971 959 4019 seqq.
968 3971 1044 4019 usque
1052 3955 1085 4006 ad
1094 3957 1172 4004 Gron.
1183 3971 1237 4004 ma-

177 4042 331 4106 perlegendi,
347 4058 380 4090 so.
392 4051 420 4088 ut
429 4057 523 4105 semper
535 4040 587 4101 ejus
596 4055 688 4090 memor
728 4050 833 4099 partoque.
843 4037 896 4094 lu,
906 4045 949 4084 sut
958 4044 983 4082 st
990 4051 1094 4099 magno.
1109 4035 1237 4099 legendum

181 4132 249 4170 esset.
264 4121 378 4183 Quotidie
386 4119 421 4168 tis
431 4119 455 4167 in
466 4119 520 4176 dr'e,
534 4119 596 4168 forte
608 4121 652 4184 leg.
663 4121 687 4168 in
730 4113 842 4173 videtum
853 4112 927 4166 Dtek·
937 4141 969 4153 -
983 4115 1012 4162 In
1015 4112 1152 4178 formulam
1161 4115 1237 4162 socio·
