2982 4702
429 641 483 726 T.
517 638 673 724 LIVII
712 630 1009 720 PATAVINI

322 845 1117 1007 HISTORIARUM

506 1149 560 1206 AB
584 1149 701 1207 URBE
725 1145 919 1204 CONDITA

474 1333 700 1436 LIBER
747 1325 964 1430 XLIII.

469 1585 969 1622 ψ
1067 1589 1070 1596 “

576 1781 868 1840 BREVIARIUM.

194 1970 260 2024 Cir.
278 1971 306 2038 13
330 1965 438 2032 Eadem
459 1977 556 2022 aestate
579 1966 704 2042 legatus,
726 1965 758 2022 in
780 1965 927 2041 Illyricum
953 1983 969 2020 a
996 1964 1113 2022 consule
1138 1965 1252 2034 missus,

233 2058 370 2135 opulenta
383 2055 441 2113 duo
458 2055 566 2134 oppida
588 2056 718 2134 diripuit.
743 2058 824 2114 Alter
844 2058 943 2114 consul
966 2060 997 2115 C.
1019 2057 1132 2114 Cassius
1151 2077 1204 2114 nec
1223 2057 1253 2112 in

234 2149 325 2208 Gallia
351 2147 537 2206 memorabile
559 2149 718 2226 quidquam
736 2149 823 2227 gerit,
849 2162 878 2206 ct
903 2168 957 2226 per
979 2149 1124 2224 Illyricum
1148 2147 1254 2204 ducere

219 2230 359 2319 'legiones
372 2241 402 2296 in
416 2239 616 2299 Macedoniam
632 2263 707 2299 vano
723 2241 839 2319 incepto
854 2253 983 2298 conatur.
1002 2240 1089 2312 Quod
1105 2238 1156 2298 ubi
1172 2260 1255 2298 sena-

235 2347 280 2390 tus
300 2353 337 2390 ex
355 2333 582 2409 Aquileiensium
601 2335 702 2411 legatis
724 2335 874 2412 cognovit,
902 2335 1011 2410 legatos
1030 2333 1131 2403 mittit,
1157 2333 1207 2408 qui
1229 2334 1255 2389 ei

235 2426 386 2495 nuncient,
401 2445 437 2482 ne
452 2445 532 2482 suam
545 2426 725 2502 provinciam
739 2425 891 2501 relinquat.
905 2427 997 2494 -11;
1012 2428 1046 2481 In
1054 2424 1102 2499 jus
1115 2437 1257 2480 vocantur

236 2519 417 2596 magistratus
432 2519 557 2589 romani,
575 2517 611 2575 de
625 2538 750 2596 quorum
765 2519 885 2578 avaritia
898 2515 1091 2594 superbiaque
1107 2516 1257 2592 conquesti
1295 2557 1297 2562 -

235 2625 315 2668 erant
330 2610 475 2688 Hispaniae
491 2612 640 2688 utriusque
654 2613 752 2690 legati,
775 2624 804 2668 et
817 2611 897 2672 SCtis
911 2610 1084 2687 quibusdam
1098 2611 1258 2668 consulitur

234 2703 378 2780 Hispanis.
392 2707 642 2775 -1113Quatuor
655 2704 782 2762 millibus
796 2705 962 2775 hominum,
977 2703 1051 2762 natis
1065 2724 1101 2760 ex
1119 2702 1257 2762 militibus

235 2796 360 2856 romanis
382 2808 410 2853 et
431 2796 557 2873 hispanis
582 2797 766 2869 mulieribus,
791 2798 904 2856 Carteia
923 2797 1018 2867 datur,
1043 2794 1095 2853 ubi
1117 2794 1256 2855 habitent.

235 2887 345 2946 Eodem
367 2901 496 2966 tempore
514 2894 636 2946 Romam
652 2885 874 2968 veniunt'legati
892 2887 1133 2966 carthaginienses
1152 2901 1181 2945 et
1195 2895 1258 2946 Gu-

211 2975 213 2982 ⁴
237 2981 311 3039 Iussa
328 2981 484 3038 Masinissae
498 2980 580 3038 filius.
598 3015 636 3022 -
652 2986 709 3051 IV;
732 2986 774 3038 M.
789 2982 891 3038 Junius
909 2985 1023 3037 Pennus
1041 2991 1150 3056 praetor
1167 2979 1259 3037 Celti—

208 3127 210 3134 ,
236 3071 322 3130 beros
339 3073 400 3130 sine
423 3072 559 3150 sanguine
577 3070 695 3130 domat:
716 3086 745 3130 at
759 3073 885 3134 Licinius
899 3084 928 3130 et
943 3076 974 3131 C.
990 3069 1142 3129 Lucretius
1155 3065 1261 3127 crudess

236 3163 301 3222 liter
314 3177 342 3220 et
356 3183 442 3221 avare
455 3162 564 3220 bellant
576 3165 607 3220 in
624 3163 747 3234 Graecia3
763 3177 791 3220 et
805 3184 863 3222 non
881 3163 969 3222 modo
984 3165 1020 3222 de
1033 3163 1092 3234 his,
1107 3162 1158 3220 sed
1173 3164 1259 3220 etiam

189 3277 191 3296 ¹
237 3255 273 3312 de
292 3262 323 3313 L.
341 3255 512 3326 Hortensio,
528 3275 690 3312 successore
709 3255 851 3325 Lucretii,
869 3254 906 3312 ab
920 3254 1143 3327 Abderitarum,
1163 3289 1202 3298 -
1217 3260 1259 3326 V,
1297 3272 1299 3276 ’

237 3361 266 3405 et
284 3347 321 3406 de
340 3352 371 3407 C.
390 3348 488 3406 Cassio
503 3368 519 3405 a
535 3346 684 3420 Cincibili,
706 3347 780 3426 regis
797 3349 962 3420 Gallorum,
980 3367 1106 3406 necnon
1123 3353 1261 3408 aCarno-

238 3459 302 3497 rum
321 3445 519 3518 Istrorumque
536 3454 565 3498 et
586 3439 728 3518 Iapydum
744 3441 843 3518 legatis
859 3439 964 3498 similes
978 3442 1103 3518 querelae
1122 3440 1158 3498 ad
1176 3462 1260 3500 sena·
1286 3419 1295 3442 ³

240 3545 300 3589 tum
311 3551 383 3590 rom.
396 3532 575 3591 deferuntur.
589 3537 692 3604 -vl;
710 3533 810 3610 Legati
825 3532 979 3590 multarum
994 3533 1111 3592 Graeciae
1128 3534 1261 3610 Asiaeque

239 3622 402 3696 civitatum,
422 3625 491 3682 item
505 3646 541 3684 ex
555 3626 654 3685 Africa
668 3624 947 3702 Carthaginiensium
965 3639 993 3682 et
1007 3626 1165 3683 Masinissae
1178 3609 1261 3684 simul
1327 3661 1336 3676 ι

240 3721 361 3774 Romam
377 3718 559 3775 conveniunt.
574 3721 692 3787 -v11;
708 3717 760 3775 His
776 3716 899 3776 dimissis
907 3711 1073 3776 laudiuntur
1089 3718 1173 3796 legati
1191 3722 1262 3779 Cre-

240 3821 345 3880 tenses,
372 3822 400 3867 et
422 3822 487 3887 post
508 3809 562 3866 hos
578 3823 719 3867 vocantur
743 3808 962 3882 Chalcidenses,
982 3831 1106 3886 quorum
1128 3809 1280 3888 princeps.

237 3899 360 3958 Miction
375 3899 411 3958 de
427 3898 577 3978 superbia,
593 3901 761 3960 crudelitate
775 3915 804 3958 et
816 3901 935 3960 avaritia
951 3901 1078 3958 Lucretii
1097 3901 1262 3960 Hortensii-

240 4011 296 4066 que
311 3993 450 4068 queritur.
468 4027 507 4036 -
518 3997 604 4063 v111;
616 3994 767 4052 Lucretius
781 3993 949 4064 damnatur,
970 4005 999 4049 et
1016 3991 1105 4051 literae
1119 3994 1201 4070 jussu
1216 4014 1264 4051 se-

241 4086 457 4163 natusscriptae
476 4085 628 4149 mittuntur
648 4085 684 4144 ad
706 4087 892 4145 Hortensium
908 4084 1064 4144 absentem.
1087 4119 1126 4132 -
1146 4091 1207 4157 IX;
1231 4090 1264 4143 In
1356 4084 1359 4087 ’
