2976 4712
471 423 744 492 Ltssnonutn
777 425 918 492 mvn.
1111 461 1115 468 -
1156 429 1225 522 417

112 575 115 581 ·
169 541 242 610 acie
251 563 335 611 cum
346 539 562 631 Hannibale,
575 558 611 614 et
620 545 873 615 cum‘exercitu
883 569 992 616 caesus
1002 560 1064 617 est.
1077 549 1141 617 Cn.
1154 548 1229 617 Ful-

168 651 247 719 vius
269 666 400 747 praetor
423 651 515 722 male
538 652 705 724 adversus
729 653 964 749 Hannibalern
987 658 1168 753 pugnavit.
1187 664 1239 758 ln¹

169 783 243 854 quo
270 761 393 857 praelio
420 759 610 832 hominum
637 763 813 835 sexdecim
838 763 973 834 millia²
998 764 1226 837 ceciderunt:

169 868 244 965 ipse
258 893 340 940 cum
356 870 539 966 equitibus
553 872 716 943 ducentis
731 862 866 970 effugit.
882 877 1004 971 Capua
1019 873 1163 946 obsessa
1177 891 1238 956 cst¹
1338 879 1345 896 '

168 1001 189 1048 a
206 981 249 1069 Q.
266 981 390 1050 Fulvio
411 995 446 1051 et
459 985 525 1079 Ap.
542 982 693 1054 Claudio
705 982 930 1067 consulibus.
951 983 1119 1056 Claudius
1136 990 1242 1085 Mar-¹

168 1089 280 1180 celius
299 1095 489 1186 Syracusas
508 1094 723 1190 expugnavit
741 1094 976 1178 annotatio,
996 1107 1032 1162 et
1047 1093 1231 1190 ingentem

168 1200 346 1302 sevirum
370 1202 487 1297 gessit.
516 1206 558 1271 In
583 1227 627 1273 eo
655 1202 814 1273 tumultu
842 1201 945 1273 urbis
969 1218 1079 1300 captae
1103 1203 1232 1274 Archi-

167 1305 307 1398 t'nedes,
321 1307 481 1384 intentus
494 1310 636 1398 formis,
656 1337 745 1410 quas
763 1313 800 1382 in
816 1312 965 1409 pulvere
979 1302 1229 1410 descripserat,

168 1417 378 1490 interfectus
392 1433 455 1490 est.
470 1425 506 1490 P.
522 1437 558 1492 et
572 1426 636 1494 Cn.
654 1423 840 1519 Scipiones
851 1423 890 1491 in
904 1422 1074 1518 Hispania
1087 1437 1142 1492 tot
1156 1438 1232 1493 tan-

168 1541 359 1626 tarumque
377 1554 500 1600 rerum
515 1527 665 1601 feliciter
678 1546 858 1628 gestarum
875 1531 1013 1600 tristem
1029 1533 1165 1602 exitum
1179 1546 1232 1602 tu·

132 1633 135 1640 ’
159 1643 304 1730 lerunt,
322 1668 436 1741 prope
459 1668 541 1715 cum
564 1646 649 1715 totis
664 1643 880 1715 exercitibus
897 1647 976 1716 caesi
994 1669 1090 1715 anno
1105 1659 1232 1716 octavo

167 1751 301 1849 quam³
322 1755 358 1824 in
391 1755 596 1851 Hispaniam
625 1756 773 1826 iverant.
804 1753 1012 1851 Amissaque
1043 1755 1120 1849 ejus
1149 1779 1233 1852 pro-

165 1863 289 1933 vinciae
307 1865 484 1960 possessio
509 1861 622 1951 foret,
644 1865 711 1935 nisi
736 1869 776 1934 L.
793 1865 918 1935 Marcii
943 1865 1075 1960 equitis
1092 1865 1248 1936 romani

165 1972 298 2042 virtute
316 1988 352 2043 et
370 1971 569 2060 industria,
595 1975 785 2046 contractis
800 1975 1028 2050 ,exercituum
1044 1974 1230 2071 reliquiis,

166 2081 328 2176 ejusdem
349 2082 516 2170 hortatu,
537 2082 621 2154 bina
647 2098 759 2154 castra
774 2083 936 2155 'hostium
954 2099 1157 2182 expugnata
1176 2111 1232 2157 es·
1323 2073 1326 2078 ¹

166 2207 256 2262 sent.
275 2193 328 2262 Ad
349 2196 491 2290 triginta
512 2209 650 2291 septem
669 2193 780 2265 millia
799 2219 905 2280 caesa,
930 2195 975 2265 ad
997 2195 1095 2266 mille
1115 2200 1232 2268 octin-

165 2317 293 2398 gentos
307 2303 451 2400 triginta
460 2309 571 2403 capti,
586 2305 706 2402 praeda
717 2306 844 2402 ingens
859 2321 968 2402 parta.
982 2309 1065 2377 Dux
1077 2308 1232 2376 Marcius
1312 2345 1314 2350 ·

166 2411 366 2508 appellatus
385 2427 449 2483 est.
1020 2407 1025 2416 ’

316 2611 317 2615 ¹
414 2589 645 2670 nertoun
676 2596 814 2662 nutat
838 2596 987 2698 juxti.

216 2745 393 2817 Hannibal
413 2747 460 2816 ad
478 2745 622 2837 tertium
643 2748 689 2819 ab
710 2749 799 2819 urbe
819 2754 932 2818 Roma
951 2743 1106 2844 lapidem
1125 2771 1232 2844 super

167 2856 342 2926 Anienem
360 2869 473 2925 castra
491 2859 622 2952 posuit.
643 2862 725 2954 Ipse
742 2881 829 2928 vero
852 2880 934 2927 cum
957 2853 1102 2926 duobus
1124 2855 1231 2924 milli·
1318 2905 1327 2920 .

168 2965 238 3034 bus
263 2965 426 3059 equitum
451 2990 566 3061 usque
594 2965 638 3035 ad
663 2968 776 3064 ipsam
802 2971 983 3062 Capenam
1006 2978 1166 3063 portam,
1191 2980 1231 3035 ut

167 3072 270 3144 urbis
296 3074 403 3144 situm
430 3073 652 3171 exploraret,
679 3074 951 3172 obequitavit‘:
975 3090 1010 3146 et
1029 3100 1143 3171 quum
1166 3099 1231 3172 per

169 3183 329 3254 triduum
353 3185 389 3253 in
415 3185 526 3255 aciem
552 3186 733 3281 utrimque
751 3186 1065 3256 exercitusomnis
1082 3183 1229 3255 descen-

106 3398 108 3402 ·
204 3379 228 3412 a.
242 3365 368 3413 Sexdect'm
385 3365 463 3414 miztia
479 3364 617 3412 ceciderunt
633 3366 675 3412 Al·
720 3377 796 3413 castra
817 3365 897 3413 Fulvii
917 3376 941 3412 et
963 3364 1112 3428 Esquilinam
1132 3375 1229 3426 portam

169 3443 214 3490 dus
227 3443 352 3493 substituit
369 3462 401 3492 cx
416 3446 468 3493 Liv.
478 3440 564 3502 XXV,
576 3460 619 3506 ar,
629 3459 676 3508 pro
719 3461 818 3508 pergere
830 3444 941 3509 potuisse
953 3443 986 3491 ad
997 3445 1133 3508 Capenam,
1144 3458 1190 3490 nec
1201 3443 1228 3492 id

169 3524 222 3570 XX
232 3523 324 3581 nullia,
339 3525 408 3588 quod
415 3525 443 3572 in
451 3527 513 3574 MSS
522 3525 618 3589 legitur,
720 3519 802 3571 Livius
812 3523 936 3581 concedit3
947 3523 1008 3570 adeo
1021 3533 1063 3580 ut,
1075 3522 1096 3568 si
1106 3522 1230 3584 Epitoma·

205 3603 229 3650 3.
240 3606 314 3650 Anno
324 3615 407 3652 octavo
418 3621 506 3668 quam,
518 3615 564 3652 etc.
574 3604 632 3651 vide
645 3601 677 3650 ad
720 3613 760 3650 tor
772 3618 869 3665 quoquc
886 3600 986 3648 innuere
1001 3600 1117 3658 voluerit,
1130 3615 1187 3652 cum
1199 3599 1230 3650 ab

78 3696 80 3699 ·
168 3681 220 3728 Liv.
230 3683 314 3742 XXV,
328 3682 370 3739 36,
384 3699 410 3731 n,
421 3683 447 3729 8.
721 3683 815 3730 Aniene
827 3696 910 3728 versus
922 3682 1025 3750 Roriam
1036 3679 1138 3743 propius
1149 3694 1230 3725 acces·

202 3761 272 3807 Errr.
282 3760 378 3806 XXVI.
388 3776 409 3806 1.
420 3763 499 3824 Usque
507 3761 544 3808 ad
548 3760 626 3824 ipsam
636 3759 677 3808 Ca·
722 3761 795 3821 sisse,
806 3758 870 3806 haud
881 3758 956 3805 dubie
965 3757 1038 3805 ctiam
1047 3746 1170 3821 scripserit
1181 3756 1231 3804 Col-

164 3853 256 3900 penam
265 3848 407 3900 portam...
433 3838 593 3902 obequitavit,
615 3839 678 3887 sorte
723 3839 799 3886 liuam
818 3849 929 3902 portam,
950 3848 977 3884 ut
993 3837 1089 3894 Livius,
1110 3821 1163 3900 cap.
1186 3851 1231 3901 to,

169 3913 338 3979 adequitavit;
355 3915 430 3963 Drak.
444 3916 495 3964 «ld
513 3917 603 3964 sactum
619 3917 678 3965 dicit
723 3913 785 3965 Ptin.
808 3917 865 3973 XV,
892 3931 937 3973 20,
958 3926 982 3962 et
1004 3917 1070 3962 Serv.
1092 3913 1124 3960 ad
1144 3914 1230 3978 Virgil.

169 3993 224 4042 Val.
233 3995 303 4041 Max.
317 3996 368 4052 IIl,
381 3995 428 4058 ’μδ
443 4009 483 4054 to,
493 3995 616 4059 Capenam
622 4013 679 4060 por·
724 3996 779 4044 AEn.
792 3996 866 4052 VIII,
884 4010 940 4043 110.
956 4016 968 4034 »
981 3993 1108 4062 Perizscl.
1126 3993 1232 4054 ejusdcm

171 4085 221 4119 tam
246 4072 320 4118 aratis
343 4071 483 4122 Hannibale
499 4074 620 4138 pulsante.
629 4075 679 4122 Vix
724 4074 806 4122 Anim.
821 4073 884 4121 Hist.
898 4088 951 4136 cap.
966 4089 994 4135 9,
1007 4073 1234 4135 patuino-Per

170 4162 250 4199 tamen
271 4150 387 4198 credibile
405 4163 456 4212 est,
476 4153 576 4201 Poenum
595 4165 681 4216 practer
726 4154 845 4209 triduum,
859 4163 883 4200 at
892 4169 940 4215 per
951 4151 1050 4201 biduum
1062 4151 1115 4206 Liv.
1129 4167 1182 4212 cap.
1196 4164 1234 4194 rt.

277 4239 375 4304 VIII.
1051 4261 1092 4329 27
1191 4266 1194 4271 ·
1290 4236 1294 4241 ’
