2970 4712
212 377 338 479 titt:
416 395 710 468 nmmum.
739 387 1014 459 osuxxs‘v.
1181 376 1250 450 313

76 615 80 622 ι
186 550 203 584 ι
215 517 317 616 quod
348 512 548 613 a'rguimur,
582 539 657 586 non
691 511 945 611 distinguimus
977 507 1202 580 voluntatem
1234 529 1255 572 a

141 627 145 639 '
187 660 205 694 ι
218 629 312 702 facto
330 655 338 697 :
358 653 485 699 omnes
508 626 719 725 plectamur.
745 625 782 696 Si
804 622 863 694 alii
883 621 1087 719 principum
1109 628 1252 684 nostro·

186 769 204 804 ιι
218 765 301 812 rum
322 737 447 826 vobiss
467 738 527 809 alii
542 739 618 834 regi
634 735 821 824 laverunt,
839 757 913 805 non
935 727 1100 828 postulo,
1117 739 1255 821 utpro-

188 881 205 914 ο
220 863 302 947 pter
318 873 406 934 nos,
426 849 491 944 qui
506 849 664 945 partium
683 860 881 917 vestramm
896 839 1050 923 fuimus,
1065 835 1160 933 regis
1174 830 1255 903 lan-

188 993 205 1026 «
221 975 317 1032 tores
334 960 420 1037 salvi
441 960 513 1030 sint
527 986 535 1028 :
551 958 641 1030 illud
656 957 843 1056 deprecor,
863 979 909 1025 ne
929 977 998 1022 nos
1012 962 1160 1048 propter
1174 945 1255 1016 illos
1288 932 1293 961 i

187 1094 420 1169 «pereamus.
442 1073 524 1142 Non
544 1071 627 1140 estis
641 1093 706 1140 vos
719 1068 788 1138 illis
807 1064 1028 1149 infestiores,
1043 1083 1153 1157 quam
1172 1057 1257 1127 civi-

189 1211 205 1246 «
220 1195 274 1250 tas
292 1181 391 1277 ipsa3
411 1193 447 1250 et
467 1179 538 1250 hoc
556 1181 621 1276 qui
641 1177 839 1261 sciebantl,
861 1175 1027 1272 plerique
1041 1191 1174 1248 eorum
1195 1177 1257 1236 aut

190 1322 206 1357 «
219 1289 483 1390 profugerunt,
510 1305 572 1361 aut
597 1303 755 1361 mortem
781 1286 848 1358 sibi
876 1283 1141 1357 consciverunt.
1168 1273 1256 1358 Alii,

190 1432 207 1466 «
221 1401 381 1474 damnati
399 1425 420 1470 a
441 1399 568 1489 nobis,
589 1402 627 1470 in
648 1412 826 1497 potestate
848 1409 965 1466 vestra
986 1404 1113 1475 erunt,
1136 1393 1258 1458 Patres

187 1513 207 1576 'a
222 1513 426 1610 conscripti.
447 1512 573 1582 Caeteri
588 1509 720 1582 Rhodii
732 1563 741 1597 ,
755 1510 853 1594 ‚sicut
871 1505 1020 1602 gratiam
1034 1497 1171 1569 nullam
1185 1519 1259 1564 me·

191 1654 209 1688 σ
223 1623 283 1694 riti
294 1621 365 1696 hoc
375 1621 491 1711 bello,
503 1623 552 1724 ita
563 1647 610 1694 ue
624 1645 771 1720 poenam
786 1617 935 1716 quidem
949 1637 1082 1710 sumus.
1092 1605 1267 1680 Priorum

191 1762 209 1798 e
222 1748 432 1806 nostrorum
452 1729 728 1803 benefactorum
751 1729 937 1814 cumulus,
952 1724 1023 1796 hoc
1043 1720 1145 1819 quod
1159 1741 1260 1810 nunc

191 1855 400 1914 «cessatum
416 1843 452 1912 in
468 1839 591 1916 officio
606 1856 677 1929 est,
699 1839 852 1939 expleat.
872 1843 966 1909 Cum
980 1832 1097 1905 tribus
1115 1826 1261 1926 regibus

171 1995 172 1998 =
193 1953 379 2052 «gessistis
401 1952 496 2025 bella
516 1977 583 2050 per
602 1951 670 2023 hos
689 1975 816 2030 annos.
838 1951 891 2020 Ne
912 1945 993 2044 plus
1015 1942 1112 2015 obsit
1132 1936 1259 2020 nobis,

193 2095 210 2128 «
225 2066 326 2162 quod
340 2090 416 2138 uno
429 2063 527 2136 bello
541 2065 775 2149 cessavimus,
792 2083 901 2158 quam
917 2055 1019 2154 quod
1032 2050 1176 2124 duobus
1190 2044 1263 2118 bel·

192 2206 210 2241 «
224 2171 291 2246 lis⁵
309 2200 377 2273 pro
391 2175 495 2266 vobis
509 2175 760 2272 pugnavimus.
775 2171 1000 2270 Philippum,
1021 2159 1264 2242 Antiochum,

194 2317 210 2352 ι(
223 2292 375 2374 Persea,
393 2301 566 2382 tunquam
586 2302 660 2358 tres
681 2283 900 2370 sententias,
923 2278 1060 2378 ponite.
1084 2278 1173 2347 Dum
1195 2291 1263 2338 nos

194 2425 210 2461 κ
224 2394 440 2469 absolvunt:
451 2422 525 2470 una
539 2395 650 2468 dubia
666 2409 740 2483 est,
761 2408 803 2465 ut
816 2391 959 2490 gravior
973 2383 1054 2492 sit⁶.
1068 2383 1124 2456 Illi
1138 2381 1183 2452 de
1198 2403 1262 2448 no·

232 2599 257 2648 4.
267 2593 301 2639 Et
313 2590 359 2640 Ιιοσ
368 2590 412 2656 qui
419 2591 540 2649 sciebant,
554 2591 638 2658 potius
648 2590 708 2656 quia
754 2588 826 2636 dente
840 2584 967 2657 &petuisse
978 2579 1137 2646 repetendum
1148 2592 1198 2624 esse
1209 2549 1266 2621 cen-

176 2681 180 2686 ·
196 2687 234 2728 s.;
246 2670 300 2720 Js'c.
313 2671 390 2719 Periz.
754 2678 791 2717 set
807 2667 923 2738 ἀμελοῦσι
934 2701 943 2730 ,
954 2663 1029 2728 idque
1047 2653 1172 2728 ὲῖρωνῑκῶς
1186 2652 1264 2718 exPll·

233 2750 257 2797 5.
271 2751 353 2812 Quam
365 2747 434 2813 quod
449 2746 542 2795 duobus
557 2747 639 2805 bellis,
661 2759 708 2796 etc.
753 2748 876 2807 candum
890 2748 972 2811 ipsum
985 2742 1044 2790 huic
1057 2739 1175 2808 ἀμελοῦσι
1188 2749 1266 2799 oppo-

196 2832 272 2878 immo
294 2845 370 2892 quam
390 2827 485 2892 prosit,
508 2827 577 2891 quod
597 2828 709 2885 dnobus,-

193 2893 269 2958 'Creu
283 2919 308 2956 et
322 2906 397 2955 Drak.
406 2933 441 2942 -
451 2909 489 2956 De
500 2905 574 2966 hujus
583 2905 634 2953 loci
645 2903 709 2952 diffi-

198 2989 288 3036 cultate
295 2987 347 3048 jem
359 2987 451 3049 egimus
468 2985 499 3033 ad
518 3001 573 3049 cup.
585 2999 634 3042 so,
647 3001 673 3032 n.
685 2985 709 3034 5.

198 3065 295 3115 Walch.
305 3064 406 3114 Emeud.
418 3064 472 3112 Lis.
483 3080 539 3128 pag.
550 3065 616 3122 230,
627 3061 709 3112 laudet

198 3146 348 3195 simillimum
361 3143 500 3208 exemplum
512 3142 588 3204 Livii,
601 3143 654 3202 VI,
668 3143 710 3200 18,

200 3236 261 3289 qnos
268 3223 332 3272 enim
341 3223 438 3272 clientes
445 3221 511 3269 circa
518 3221 624 3286 singulos
626 3220 711 3287 finistis

754 2828 828 2879 situm
842 2842 936 2874 assume
954 2821 1120 2892 ἐπιμέλονται.
1130 2813 1265 2862 lllustmbit

754 2923 804 2955 rem
814 2903 922 2956 Wollius
932 2905 979 2952 Eo.

790 2986 815 3034 6.
831 2987 887 3032 Una
899 2981 976 3030 ᾰιιῦἰα
990 2990 1035 3036 est,
1058 2986 1085 3023 ut
1100 2969 1202 3040 grauior
1217 2969 1264 3027 sis,

754 3064 848 3113 etiamsi
864 3060 986 3118 severior,
998 3057 1084 3106 durior
1097 3052 1145 3111 sit,
1159 3062 1188 3098 ut
1199 3048 1266 3115 epud

755 3143 817 3192 Caes.
828 3131 889 3190 Bell.
907 3139 962 3188 civ.
979 3141 1006 3196 1,
1025 3151 1055 3194 ο,
1072 3131 1201 3198 quodiam
1216 3143 1268 3174 mo-

755 3224 809 3270 nuit
818 3220 915 3269 Crever.
928 3221 1017 3266 Sensus
1030 3226 1082 3263 est:
1096 3211 1205 3261 Dubium
1218 3217 1267 3264 est,

198 3316 328 3368 patronos,
348 3315 385 3353 tot
404 3318 469 3363 nunc
488 3300 615 3349 adversum
637 3315 712 3348 unum
755 3313 837 3352 utrum
857 3297 988 3348 damnandi
1005 3296 1094 3351 simus,
1109 3301 1191 3340 utvos
1205 3286 1270 3348 judi·

201 3383 292 3432 hostem
310 3383 384 3433 erius.
401 3385 442 3431 An
453 3381 570 3430 eliensem²
580 3381 656 3428 immo
668 3379 711 3427 Ιιο·
756 3397 811 3430 care
828 3377 956 3434 videmini,
976 3374 1045 3441 quod
1062 3389 1110 3420 nno
1131 3369 1209 3427 bello,
1228 3364 1269 3414 ed·

201 3468 255 3511 stes.
268 3462 355 3527 Neque
367 3463 494 3526 incognito
505 3476 533 3509 ea
543 3473 580 3509 est
590 3460 713 3524 negligen·
755 3477 840 3509 versus
856 3461 946 3506 Persea
959 3473 972 3504 a
984 3454 1054 3502 vobis
1071 3454 1157 3516 gesto,
1168 3443 1268 3495 cessavi-

201 3543 250 3601 tie,
265 3559 297 3590 ex
313 3557 424 3589 sermone
443 3539 588 3604 quotidiano
604 3538 714 3598 adscita,
756 3557 822 3595 mus,
841 3553 895 3585 non
909 3534 1037 3600 provobis
1050 3529 1270 3596 pugnavimus‚ut
1299 3564 1302 3571 .

202 3621 304 3668 Graeeis.
322 3621 407 3678 Pluto,
424 3619 498 3683 Apol.
511 3635 537 3682 p.
553 3619 617 3677 361,
627 3617 652 3670 τί
664 3612 712 3679 οὗνς
756 3621 783 3668 in
794 3617 891 3666 duobus
902 3615 982 3664 hellis.
996 3616 1055 3664 Non
1067 3621 1119 3668 est,
1132 3605 1200 3672 quod
1212 3619 1268 3650 oum

202 3700 227 3750 τί
250 3697 314 3761 ἄξιός
329 3699 378 3769 εἰμι
394 3697 510 3754 celsini
527 3698 664 3758 ἀποτῖσαι,
683 3695 708 3756 ὅ,
757 3703 835 3748 Gron.
857 3697 921 3760 legas
940 3710 991 3740 nna
1009 3690 1085 3740 dubia
1104 3698 1154 3744 est,·
1174 3694 1269 3732 tansum

204 3798 227 3831 τι
252 3777 335 3848 μαθὼν
359 3780 383 3830 ἐν
407 3783 442 3845 τῷ
465 3775 510 3845 βίῳ
537 3778 583 3843 οὐχ
607 3775 711 3842 ἡσυχίαν
757 3779 840 3833 abest,
853 3772 1043 3840 nsgraviorsit,
1057 3761 1270 3838 hoosensuzllne

202 3853 280 3925 ἦγον,
300 3858 352 3908 ἀλλ’
365 3855 504 3929 ἀμελήσας,
523 3849 601 3924 ὧνπερ
617 3857 637 3907 οἱ
655 3861 713 3906 πολ·
757 3874 802 3905 uec
814 3853 931 3913 absolvit,
945 3851 1002 3916 quia
1019 3864 1071 3896 non
1084 3845 1209 3906 juvimus,
1224 3855 1270 3888 nec

202 3935 251 3994 λοὶ,
267 3940 443 4007 χρηματισμοῦ
464 3955 492 3986 τε
515 3935 556 3987 καὶ
577 3935 713 4004 οἰκονομίας
758 3931 979 3996 condemnut‚quia
991 3945 1043 3977 uon
1052 3935 1136 3974 contre
1147 3921 1269 3970 stetimus:

203 4017 246 4070 καὶ
260 4015 415 4088 στρατηγίιον
434 4013 476 4066 καὶ
492 4009 652 4085 δημιουργιῶν
671 4014 712 4066 οιαὶ
757 4027 853 4064 tuntum
876 4013 958 4070 abest,
976 4021 1004 4058 nt
1022 4017 1090 4056 certo
1108 4001 1270 4056 condemnet,

202 4103 252 4148 τῶν
269 4097 346 4150 ἄλλων
359 4097 470 4166 ἀρχῶν...
485 4095 590 4148 ἐνταῦθα
604 4096 646 4158 ope
656 4095 712 4158 ἤῑοι,
757 4095 797 4142 vel
813 4094 929 4155 majorem
939 4089 1029 4138 habeat
1042 4084 1226 4137 auctoritatem,
1241 4089 1269 4125 ut

204 4196 227 4232 ss.
240 4197 264 4228 τ.
275 4183 299 4228 λ.
312 4180 438 4241 Perpersm
450 4175 576 4226 Fischerus
585 4193 616 4224 ex
627 4192 714 4240 praeee-
755 4173 837 4239 gravis
851 4173 971 4230 atsctorl,
985 4169 1031 4226 15,
1045 4184 1069 4215 n.
1086 4181 1109 4226 7.
1120 4190 1154 4200 -
1163 4160 1219 4216 llll,
1233 4173 1268 4203 ⁵⁰·
