2972 4720
198 370 321 470 titt:
421 390 513 456 Lm.
541 388 661 455 xcii.
690 389 794 455 oar.
822 387 959 455 xcix.
986 389 1025 454 L.
1190 386 1235 460 ss

172 511 379 582 consulares
400 509 536 581 tribuni
557 503 741 578 militum⁶
768 530 851 578 cum
869 531 914 578 eo
936 508 1051 596 missi,
1074 511 1112 578 C.
1132 509 1236 580 Clau·

157 621 272 724 dim,
288 624 330 711 Q.
345 622 505 708 Mucius3
527 627 563 692 'et
585 634 656 690 tres
676 618 832 688 illustres
848 616 1021 712 juvenes,
1042 621 1078 687 P.
1099 621 1235 690 Lentu·

171 730 251 818 lus,
279 745 315 800 et
343 729 419 800 duo
443 728 567 800 Manlii
595 726 745 798 Acidini.
775 727 873 798 Alter
898 732 946 798 M.
973 727 1119 816 Manlii,
1146 728 1237 800 alter

171 847 211 912 L.
234 840 359 912 Manlii
378 839 472 910 filius
499 853 584 911 erat.
612 843 705 910 Cum
725 839 768 906 iis
788 837 916 908 consul
938 838 1166 910 Brundisium
1190 839 1236 910 ad
1317 887 1320 893 -

172 953 388 1037 exercitum,
412 965 520 1045 atque
541 948 625 1020 inde
649 972 731 1020 cum
755 946 925 1024 omnibus
944 952 1057 1046 copiis
1080 963 1238 1020 transve-

172 1077 270 1151 ctus,
285 1061 329 1132 ad
342 1059 578 1158 Nymphaeum
592 1060 629 1130 in
645 1057 862 1156 Apolloniati
875 1083 961 1154 agro
974 1060 1095 1157 posuit
1109 1074 1233 1164 castra..

219 1177 258 1242 L.
281 1175 416 1242 Paucos
437 1183 519 1244 ante
542 1170 617 1242 dies
637 1173 808 1253 Perseus,
824 1183 1023 1268 postquam
1042 1169 1168 1265 legati,
1189 1169 1234 1248 ab

170 1287 286 1353 Roma
310 1279 482 1377 regressi,
509 1277 743 1378 praeciderant
769 1303 869 1375 spem
898 1282 1015 1377 pacis,
1043 1280 1233 1352 consilium

172 1389 309 1460 habuit.
329 1389 383 1461 Ibi
410 1388 629 1486 aliquamdiu
666 1387 813 1459 diversis
845 1389 1031 1460 sententiis
1060 1395 1242 1462 certatum

172 1516 234 1572 est.
254 1505 382 1584 Erant,
402 1498 535 1597 quibus
556 1499 614 1570 vel
633 1499 851 1596 stipendium
872 1498 1122 1596 pendendum,
1140 1503 1168 1571 si
1184 1503 1234 1572 in·

167 1612 398 1708 jungeretur,
413 1610 470 1681 vel
487 1611 563 1707 agri
578 1624 680 1707 parte
693 1607 915 1696 cedendum,
929 1611 980 1680 si¹
997 1611 1234 1708 mulctarent3

169 1720 348 1817 quidquid
368 1718 526 1816 denique
545 1717 642 1790 aliud
661 1719 758 1815 pacis
774 1743 878 1812 causa
894 1719 1104 1816 patiendum
1121 1736 1232 1807 esset,

170 1854 244 1899 nou
274 1828 511 1900 recusandum
533 1828 736 1916 videretur,
761 1854 828 1900 nec
852 1831 1171 1917 committendum,
1192 1847 1233 1906 ut

170 1939 208 2007 iu
223 1937 334 2010 aleam
348 1941 439 2010 tanti
449 1963 549 2010 casus
562 1948 599 2010 'se
613 1963 839 2036 regnumque
854 1938 988 2014 darer.
1009 1947 1050 2013 Si
1056 1950 1232 2037 possessio

170 2047 274 2118 haud
286 2048 453 2144 ambigua
470 2054 573 2146 regui
585 2062 762 2132 utonem,
782 2049 899 2120 multa
913 2048 1010 2122 diem
1024 2069 1234 2150 tempusque

204 2310 228 2356 6.
242 2311 297 2356 Duo
311 2309 449 2358 consulares
466 2309 556 2360 tribuni
576 2308 677 2358 militum
722 2325 777 2358 tucn
786 2311 863 2360 Marci
874 2327 926 2358 non
933 2311 1110 2377 repudiarunt)
1120 2313 1232 2380 adoptio·

122 2391 125 2396 '
169 2387 237 2452 (vide
257 2388 677 2453 edXXXVl,17,n.1)cumeo
721 2406 752 2437 ne
765 2390 804 2438 vel
817 2391 863 2438 ulia
877 2391 907 2438 de
923 2407 993 2440 causa
1008 2393 1149 2440 translatum
1168 2410 1232 2453 esse,

168 2468 269 2516 consule
288 2469 367 2525 missi,
385 2468 453 2531 quod
468 2468 561 2516 indicio
577 2480 629 2530 est,
647 2485 677 2516 ex
720 2469 889 2532 suspicabatur
902 2471 1031 2535 Spanbem.
1048 2472 1080 2518 de
1092 2489 1138 2520 usu
1155 2483 1180 2520 et
1190 2489 1229 2537 pr.

168 2547 234 2596 scio
247 2547 271 2594 id
287 2549 376 2596 lectum
390 2549 549 2612 tribunosque
564 2549 641 2597 lectos
653 2558 677 2595 et
721 2567 787 2597 nixu.
798 2551 862 2600 Dias.
872 2553 919 2610 VI,
931 2567 986 2615 pag.
999 2552 1065 2610 518,
1077 2563 1101 2600 et
1115 2552 1178 2600 Diss.
1190 2554 1231 2611 x,

166 2637 261 2676 creatos
272 2629 344 2678 luisse
356 2626 367 2691 (
378 2630 409 2676 cf.
423 2645 477 2694 cap.
490 2629 537 2685 35,
551 2640 575 2676 et
584 2629 673 2684 nutv,
719 2645 776 2693 pag.
788 2631 836 2689 33,
851 2631 898 2690 34,
912 2630 951 2679 ed.
967 2647 1014 2679 sec.
1025 2653 1037 2672 u
1048 2626 1097 2679 Sed
1115 2633 1141 2680 in
1159 2642 1231 2695 gente

168 2704 229 2770 21);
243 2706 269 2754 C.
281 2707 409 2767 Claudius,
421 2710 450 2772 Q.
466 2708 573 2764 Mucius,
588 2708 630 2772 qui
640 2718 674 2755 ts·
716 2709 808 2757 Manlia
818 2709 914 2774 plebeia
924 2727 1023 2775 quoque
1032 2727 1169 2774 cognomen
1176 2711 1231 2759 Aci-

167 2801 223 2834 men
236 2787 347 2848 Mucius,
358 2805 412 2854 cap.
426 2790 457 2849 67
467 2824 474 2848 ,
485 2789 578 2852 legatus
589 2803 674 2834 cousu-
718 2788 770 2836 dini
781 2789 868 2849 luisse,
881 2807 931 2839 non
943 2801 1050 2848 constat,
1060 2803 1084 2838 et
1093 2790 1229 2854 adoptione

168 2863 198 2912 lis
217 2867 485 2926 vocetur;„1)uler.-
499 2870 554 2914 Tres
572 2860 675 2914 ilustris
717 2883 769 2916 uon
778 2885 834 2934 pars
848 2871 927 2933 gentis
940 2869 969 2918 lit
983 2871 1021 2917 vel
1031 2869 1124 2933 plebeis
1135 2869 1174 2916 vel
1186 2885 1230 2934 ps·

161 2943 277 3009 juvenes,
293 2946 489 3006 contubernales,
507 2946 622 3009 comites,
639 2962 675 2993 se·
718 2946 795 2995 tricia.
807 2950 891 3006 Potuit
900 2925 999 3012 quidbm
1011 2949 1154 2996 transitione
1163 2966 1177 2996 a
1185 2966 1228 3014 pa·

168 3033 281 3072 ctatores.
294 3027 366 3075 Coul.
378 3027 410 3074 ad
419 3029 496 3074 Tacit.
507 3029 677 3086 Ann.1,29,
719 3027 796 3074 trieiis
824 3027 856 3074 ad
878 3027 974 3090 plebem
996 3028 1087 3075 fectum
1109 3044 1177 3084 esse,
1200 3040 1228 3076 ut

167 3119 195 3151 n.
216 3104 239 3151 3.
251 3107 351 3152 -Duo
369 3106 458 3154 Manlii
476 3105 590 3162 Acidini,
614 3103 677 3151 alter
719 3105 805 3152 Manlii
817 3105 916 3153 Acidini
927 3106 1016 3169 partim
1027 3105 1116 3168 plebeii
1125 3106 1229 3170 fuerint,
1311 3155 1313 3160 ,

168 3185 204 3232 M.
229 3184 334 3242 Manlii,
356 3186 420 3236 alter
437 3188 465 3236 t.
484 3183 575 3234 Manlii
585 3183 675 3251 filius:
720 3186 808 3250 partim
817 3186 921 3250 patricii.
932 3186 1004 3236 eous.
1014 3187 1059 3245 tv,
1072 3187 1151 3249 16‚et
1161 3187 1227 3236 Suet.

167 3264 230 3311 forte
247 3265 311 3328 altep
328 3265 421 3323 Manli,
443 3267 507 3314 alter
521 3267 550 3314 t.
567 3263 676 3312 Manlio·
719 3267 785 3329 Aug.
795 3267 912 3314 2.Verum
921 3263 948 3310 id
957 3263 1054 3312 aliunde
1063 3281 1115 3312 non
1124 3277 1226 3313 constat.

167 3358 238 3400 rum,·
256 3347 367 3394 Gronov.
384 3347 525 3393 sznomen
540 3345 575 3392 M.
592 3343 676 3407 utique
719 3351 790 3395 Forte
799 3347 845 3409 leg.
857 3345 899 3393 Cn.
911 3345 1012 3403 alentii,
1020 3357 1044 3394 et
1053 3357 1168 3411 praeteren
1178 3346 1227 3394 duo

166 3435 309 3487 corruptum
322 3424 498 3474 videturtnam
510 3424 588 3488 gentis
600 3425 674 3470 Man·
719 3429 749 3474 L.
775 3424 863 3473 Manlii
880 3423 980 3472 Acidini
986 3443 996 3472 .·
1014 3425 1111 3473 videtur
1129 3410 1194 3473 enim
1213 3443 1225 3474 u

165 3501 206 3550 liae
216 3503 313 3552 decreto
324 3514 436 3565 cautum,
447 3521 479 3551 ne
492 3515 550 3567 post
558 3503 675 3568 Capitoli·
719 3522 785 3553 more
796 3505 858 3555 Livii
867 3503 1012 3564 abhorrere,
1025 3506 1087 3553 duos
1098 3505 1145 3554 bos
1154 3507 1231 3554 Mun-

165 3593 225 3626 uum
234 3581 288 3643 quis
297 3584 334 3631 M.
349 3582 456 3630 Manlius
471 3595 610 3644 vocaretur-5
623 3583 672 3632 vid.
717 3588 764 3639 lios
779 3595 888 3649 petrum,
904 3599 956 3633 non
969 3585 1019 3633 suis
1036 3584 1227 3648 praenominibus
1263 3580 1266 3588 '

165 3658 217 3718 vl,
228 3675 269 3707 ao.
279 3661 326 3708 Sed
339 3677 418 3725 neque
429 3659 577 3710 Manliorum
586 3663 673 3712 Acidi·
718 3661 870 3726 designari».
884 3663 1007 3710 Drakenb.
1017 3663 1086 3714 idem
1095 3678 1155 3710 mox
1168 3674 1226 3725 post

164 3753 265 3797 norum,
283 3755 363 3804 neque
380 3740 483 3791 aliorum
499 3743 576 3790 totius
596 3743 675 3806 gentis
717 3741 851 3789 exercitum
864 3741 982 3790 excidisse
991 3740 1227 3806 putabstvcnitvel

164 3818 265 3866 Manliae
275 3819 403 3883 quisquam
412 3821 561 3885 pranomine
574 3822 674 3870 Manius
718 3819 788 3870 abiit.

163 3896 299 3956 insonitum
313 3899 404 3947 Duker.
414 3904 467 3948 Hos
476 3899 582 3951 Manlios
591 3901 673 3949 Acidi-
753 3903 817 3950 Cir.
837 3901 864 3948 L.
882 3915 903 3946 r.
921 3899 948 3946 Si
969 3898 1126 3958 inclusorem,
1148 3899 1224 3948 scilic.

135 4029 137 4032 .
164 3989 211 4022 nos
228 3976 309 4024 [omn
325 3979 398 4026 fnisse
416 3995 430 4026 e
448 3979 549 4041 plebeiis
560 3980 673 4039 Mardus,
719 3980 832 4028 Romani.

165 4054 204 4102 vcl
215 4055 322 4118 aliquem
337 4073 350 4104 e
363 4057 461 4104 Manliis
470 4057 581 4106 Acidinis
599 4062 673 4124 patri·
754 4076 778 4107 a.
793 4061 823 4107 In
848 4057 1003 4106 aleamtunti
1021 4073 1090 4104 casus
1115 4073 1140 4104 se
1161 4074 1181 4106 r.
1200 4057 1226 4105 d.

165 4132 211 4186 otis
223 4133 255 4183 ad
267 4134 377 4186 Manlios
385 4135 493 4202 plebeios
506 4136 567 4202 (qui
578 4153 673 4204 praeuo·
717 4139 768 4188 rld.
778 4139 901 4198 mm,
912 4145 955 4199 ta,
964 4153 989 4187 n.
1000 4137 1122 4187 11.-Sub
1132 4135 1226 4188 casibus
