2972 4720
219 408 345 504 lssltttssj
459 427 606 494 clane
638 426 892 494 recliner.
921 427 1001 492 xx.
1207 425 1249 516 3'7

190 546 277 632 fuit,
294 562 370 618 tota
390 546 435 618 ad
454 550 566 617 imum
581 547 731 618 fulmine
746 545 903 616 discussa
923 561 985 615 est.
1004 550 1053 614 Ea
1071 569 1147 631 res,
1166 570 1251 642 pro-

104 699 107 755 .-
190 656 276 754 digii
296 655 376 728 loco
397 655 536 742 habita,
553 657 598 728 ad
616 672 777 727 senatum
791 656 901 726 relata
915 671 978 726 est.
995 661 1113 726 Patres
1128 655 1174 725 ad
1194 655 1255 726 ha·

189 767 349 862 ruspices
372 765 526 854 referre,
548 782 584 837 et
609 766 829 837 decemviros
855 765 951 842 adire
978 765 1114 836 libros²
1137 767 1251 861 jusse-

189 890 285 946 runt.
302 877 523 962 Decemviri,
547 874 772 947 lustrandum
791 875 965 974 oppidum
977 873 1003 962 3,
1020 877 1252 974 supplicatio-

190 1009 271 1054 nem
288 984 645 1082 obsecrationemque
661 981 878 1069 habendam,
894 987 1044 1056 victimis
1057 973 1253 1081 majoribus

190 1093 458 1165 sacrificandum
477 1111 513 1166 et
529 1096 566 1164 in
584 1095 768 1193 *Capitolio
790 1101 931 1180 Romae,
950 1109 986 1164 et
1003 1098 1040 1165 in
1059 1098 1253 1192 Campania

190 1203 234 1274 atl
254 1206 421 1276 Minervae
441 1206 755 1302 promontorium,
772 1206 1042 1292 renuntiaruut3
1061 1204 1166 1274 ludos
1187 1219 1253 1302 pe‘r

191 1313 315 1414 decem
336 1313 412 1384 dies
434 1314 513 1384 lovi
533 1314 681 1410 Optimo
705 1316 861 1383 Maximo
879 1315 998 1410 primo
1026 1333 1173 1409 quoque
1195 1313 1254 1383 die

193 1419 396 1492 faciendos:
415 1447 455 1492 ea
475 1425 596 1492 omnia
620 1446 702 1493 cum
727 1447 813 1493 cura
838 1421 938 1494 lacta.
962 1425 1194 1520 Haruspices,
1216 1426 1253 1492 in

190 1529 328 1600 bonum
349 1534 563 1603 uersuruml
582 1533 618 1602 id
637 1533 863 1630 prodigium,
886 1532 1198 1630 prolationemque
1212 1533 1252 1602 ll*

189 1643 290 1710 nium
312 1658 348 1712 et
368 1642 550 1712 interitum
570 1639 834 1739 perduellium⁵
854 1640 1041 1739 portendi,
1062 1641 1253 1738 responde·

188 1767 295 1836 runt;
312 1752 412 1848 quod
431 1777 473 1822 ex
488 1750 652 1822 hostibus
670 1751 784 1849 spolia
797 1749 948 1823 fuissent
965 1776 1006 1822 ea
1018 1766 1153 1839 rostra,
1171 1773 1251 1847 quae

189 1873 381 1957 tempestas
410 1860 613 1955 disjecisset.
642 1864 897 1950 Accesserant,
920 1879 1000 1958 quar:
1023 1862 1252 1944 cumularent

188 1968 378 2064 religiones
411 1972 545 2040 animis.
578 1973 775 2059 Saturniae,
805 1974 1008 2044 nuntiatum
1043 1987 1138 2059 erat,
1168 1996 1251 2042 san-

189 2079 298 2174 guine
317 2103 383 2175 per
402 2079 561 2149 triduum
576 2081 613 2150 in
629 2080 765 2179 oppido
780 2082 933 2178 pluisse:
952 2081 1092 2152 Calatia
1110 2082 1250 2151 asinum

188 2187 364 2284 tripedem
386 2204 529 2276 natum,
551 2207 586 2261 et
601 2205 744 2261 taurum
762 2215 845 2262 curn
860 2194 1023 2289 quinque
1041 2193 1155 2263 vaccis
1174 2210 1251 2262 uuo

189 2301 260 2368 ict'u
272 2296 432 2370 fulminis
447 2293 679 2371 exanimatos:
689 2297 832 2371 Auximi
845 2317 939 2372 terra
951 2303 1095 2399 pluisse.
1111 2307 1250 2372 Horum

189 2433 335 2506 quoque
358 2410 605 2507 prodigiorum
624 2433 728 2481 causa
748 2433 804 2481 res
824 2411 951 2482 divinae
973 2409 1090 2498 factae,
1113 2411 1148 2481 et
1169 2432 1250 2506 sup

190 2518 332 2614 plicatio
350 2535 465 2592 unum
482 2520 576 2591 diem
593 2519 761 2616 feriaeque
775 2519 913 2591 habitae.
1331 2517 1338 2524 “

188 2737 220 2784 lio
235 2737 332 2784 consule
338 2771 346 2794 ,
361 2737 414 2794 cui,
428 2749 475 2786 etc.
490 2749 514 2786 et
527 2738 595 2801 Pigh.
610 2738 635 2784 iri
649 2739 695 2788 Ca·
740 2754 795 2801 cap.
816 2739 849 2784 36
867 2752 905 2800 pr.
924 2736 954 2782 de
973 2746 1023 2783 tota
1039 2735 1105 2782 Urbe
1119 2733 1183 2792 dici,
1196 2750 1247 2782 mo-

182 2817 270 2880 pitolr'o
281 2819 318 2864 M.
325 2817 430 2872 AEmilii,
437 2817 522 2880 priore
531 2817 593 2864 belle
602 2817 695 2863 Punico
739 2827 781 2864 net
793 2815 867 2862 Eruli.
879 2841 912 2860 :-
921 2813 1126 2878 Srqrplicatlonem
1138 2813 1248 2860 obsecra-

187 2896 298 2944 coruulis.
316 2921 349 2930 -
360 2894 479 2942 Ceterum
490 2895 563 2955 hujus
576 2895 695 2942 columnae
739 2895 877 2957 tionemque
884 2911 895 2948 ,¹
904 2892 962 2939 ride
975 2891 1008 2938 ad
1022 2891 1073 2953 ΙΙΙ,
1088 2891 1134 2948 6¹3,
1148 2907 1173 2937 n.
1187 2907 1248 2938 2.-

186 2983 296 3021 rostratae
307 2972 374 3018 nulla
381 2972 428 3018 alia
439 2983 517 3020 exstat
529 2973 656 3031 memoria,
669 2983 695 3018 ut
738 2973 931 3040 Sacrificandum
947 2983 996 3020 et...
1006 2975 1089 3018 Romta
1100 2983 1124 3019 et
1138 2971 1162 3018 in
1176 2970 1248 3018 Cam*

184 3055 234 3113 jam
252 3052 350 3098 Crever.
370 3049 440 3096 vidit.
452 3049 624 3112 Trlumpbesse
639 3051 694 3096 illos
735 3053 813 3115 partia
820 3087 828 3109 ,
842 3062 888 3098 etc.
898 3051 955 3096 vide
972 3050 1002 3096 a‘rl
1017 3051 1106 3107 XXII,
1122 3055 1150 3105 l,
1163 3065 1188 3097 n.
1204 3052 1246 3097 25.

187 3130 300 3178 consules
317 3129 347 3176 de
366 3128 447 3174 Poenis
464 3140 489 3174 et
509 3127 695 3175 Cos'surensibus
774 3138 797 3186 4.
809 3134 839 3176 In
850 3131 938 3179 bonum
949 3145 1090 3194 versurum
1101 3129 1158 3176 vide
1169 3129 1201 3176 ad
1210 3132 1249 3189 11,

187 3211 250 3258 Fasti
262 3208 341 3272 Capit.
351 3217 423 3254 testes
434 3219 498 3256 suut.
506 3206 570 3254 vide
581 3221 652 3269 supra
664 3198 695 3252 eil
740 3211 770 3266 3,
784 3226 808 3257 n.
823 3226 847 3260 2.

186 3291 285 3347 xvm,
300 3305 353 3352 cap.
368 3295 410 3342 41.
421 3289 471 3335 Eo.
773 3287 797 3336 5.
811 3286 940 3334 Interitum
951 3285 1129 3350 perduellium
1147 3286 1202 3334 vide
1215 3288 1246 3336 ad

222 3385 245 3416 2.
257 3367 407 3414 Decemviros
416 3365 487 3413 adire
498 3365 571 3414 libros
578 3385 587 3424 ,·
598 3365 654 3413 vide'
663 3365 694 3414 ad
737 3370 764 3425 1,
777 3367 826 3426 26,
845 3383 870 3414 n.
886 3375 909 3421 4.
923 3393 959 3402 --
969 3365 1011 3412 Ea
1028 3365 1135 3413 hostibus
1150 3366 1245 3429 spolia,

187 3448 236 3504 111,
251 3458 296 3502 to,
308 3445 373 3494 uo.
679 3499 683 3510 1
737 3447 846 3504 hostilia,
859 3435 914 3494 ride
926 3445 1076 3504 mxxv,
1089 3447 1245 3504 32,n.3.-

222 3527 245 3574 3.
257 3526 419 3573 Lustrandurn
438 3526 568 3590 oppidum
589 3525 645 3572 vide
662 3523 694 3574 acl
737 3529 898 3574 Accesserant
918 3525 1042 3588 prodigia,
1061 3539 1117 3587 qme
1135 3526 1246 3572 camala-

185 3601 315 3665 XXXIX,
330 3621 376 3665 22,
394 3621 419 3652 n.
430 3607 454 3652 3.
467 3605 513 3654 En.
526 3633 562 3646 -ι
573 3604 693 3670 Oppidum
737 3616 792 3652 reret
801 3605 928 3669 religiones
937 3603 1043 3658 animis,·
1054 3603 1110 3650 vide
1120 3602 1192 3660 adv,
1203 3605 1246 3660 aa,

185 3685 281 3746 quoties
293 3683 372 3747 simpl.
386 3696 546 3744 memoretur,
557 3683 693 3747 intelligen-
736 3703 764 3734 n.
781 3684 805 3732 8.
816 3711 852 3722 -
861 3685 983 3750 Sanguine
992 3699 1037 3750 per
1057 3682 1163 3729 triduum
1169 3716 1177 3738 ,
1197 3693 1243 3730 etc.

134 3817 136 3824 ‚
186 3763 244 3812 dnm
260 3777 310 3810 esse
328 3765 431 3810 Romam
448 3763 571 3826 antiquam
592 3762 692 3810 Romuli
735 3763 868 3821 videadI,
880 3766 964 3826 31‚n.
979 3779 1002 3810 1.
1019 3789 1053 3798 -
1067 3758 1245 3808 ‘Auximteerre

186 3843 225 3888 rel
238 3841 378 3904 quadratam
388 3875 396 3901 ‚
408 3843 436 3889 in
448 3853 531 3890 moute
544 3843 654 3890 Palatino
667 3854 691 3890 et
729 3842 836 3908 plurim
850 3843 922 3902 hujus
941 3843 1007 3890 urbis
1026 3847 1117 3894 nomeu
1129 3841 1243 3888 oximum

186 3919 211 3968 Χ
217 3921 315 3984 regione
324 3921 398 3969 Urbis
408 3921 546 3979 conditam,
555 3921 627 3969 docet
637 3922 692 3970 Sca·
735 3923 793 3970 olim
807 3922 964 3970 scribebatur.
977 3920 1038 3977 Sed,
1052 3930 1081 3966 ut
1090 3930 1160 3967 notat
1169 3920 1242 3968 Drak.

185 3998 247 4061 liger
265 4000 292 4045 in
305 4000 419 4063 Append.
437 3999 571 4059 conjectari.
586 4002 612 4046 in
621 4001 690 4046 Varr.
735 4000 805 4060 XLI,
825 4017 871 4056 22,
885 4000 901 4064 §-
917 4016 961 4059 12,
980 4013 1062 4046 verum
1081 3998 1131 4056 ejus
1155 4013 1244 4048 nomeu

186 4077 255 4140 ling.
268 4080 318 4126 Lat.
331 4093 355 4142 p.
372 4079 427 4126 185.
440 4080 477 4124 Ita
487 4077 602 4140 oppidum
615 4079 692 4142 accipi
736 4081 869 4128 Auximum
891 4095 957 4137 esse,
977 4079 1074 4127 monuit
1098 4071 1167 4125 Cluv.
1189 4079 1242 4125 Ital.

186 4171 256 4225 posse
273 4157 352 4215 XLV,
371 4158 413 4216 16,
434 4171 459 4204 n.
480 4157 509 4216 53
529 4157 571 4204 sed
588 4157 614 4206 h.
632 4157 648 4205 l.
669 4168 693 4205 et
738 4159 799 4208 Aut.
811 4163 850 4221 Π,
861 4173 917 4224 pag.
933 4159 1063 4221 737.Vide
1077 4158 1147 4204 etiarn
1158 4155 1245 4204 Cellar.
