<?xml version="1.0" encoding="UTF-8"?>
<!DOCTYPE html PUBLIC "-//W3C//DTD XHTML 1.0 Transitional//EN"
    "http://www.w3.org/TR/xhtml1/DTD/xhtml1-transitional.dtd">
<html xmlns="http://www.w3.org/1999/xhtml" xml:lang="en" lang="en">
 <head>
  <title>
</title>
<meta http-equiv="Content-Type" content="text/html;charset=utf-8" />
  <meta name='ocr-system' content='tesseract 3.04.00' />
  <meta name='ocr-capabilities' content='ocr_page ocr_carea ocr_par ocr_line ocrx_word'/>
</head>
<body>
  <div class='ocr_page' id='page_1' title='image "./titusliviuspata02freigoog_0351.png"; bbox 0 0 2970 4712; ppageno 0'>
   <div class='ocr_carea' id='block_1_1' title="bbox 220 404 1322 2514">
    <p class='ocr_par' dir='ltr' id='par_1_1' title="bbox 256 404 1285 507">
     <span class='ocr_line' id='line_1_1' title="bbox 256 404 1285 507; baseline -0.005 0"><span class='ocrx_word' id='word_1_1' title='bbox 256 421 323 507; x_wconf 73' lang='lat'><strong>342</strong></span> <span class='ocrx_word' id='word_1_2' title='bbox 675 420 714 486; x_wconf 78' lang='lat' dir='ltr'><strong>T·</strong></span> <span class='ocrx_word' id='word_1_3' title='bbox 747 418 886 486; x_wconf 77' lang='lat' dir='ltr'><strong>mvn</strong></span> <span class='ocrx_word' id='word_1_4' title='bbox 1162 404 1285 504; x_wconf 67' lang='lat' dir='ltr'><strong>llll.</strong></span> 
     </span>
    </p>

    <p class='ocr_par' dir='ltr' id='par_1_2' title="bbox 220 536 1322 2514">
     <span class='ocr_line' id='line_1_2' title="bbox 253 536 1311 636; baseline -0.001 -20"><span class='ocrx_word' id='word_1_5' title='bbox 253 541 366 620; x_wconf 77' lang='lat' dir='ltr'><strong>«men</strong></span> <span class='ocrx_word' id='word_1_6' title='bbox 391 541 566 624; x_wconf 81' lang='lat' dir='ltr'><strong>deferret,</strong></span> <span class='ocrx_word' id='word_1_7' title='bbox 595 554 632 610; x_wconf 85' lang='lat' dir='ltr'><strong>et</strong></span> <span class='ocrx_word' id='word_1_8' title='bbox 660 536 799 636; x_wconf 80' lang='lat' dir='ltr'><strong>legibus</strong></span> <span class='ocrx_word' id='word_1_9' title='bbox 827 539 1087 635; x_wconf 78' lang='lat' dir='ltr'><strong>interrogaret3</strong></span> <span class='ocrx_word' id='word_1_10' title='bbox 1114 556 1177 613; x_wconf 87' lang='lat' dir='ltr'><strong>aut</strong></span> <span class='ocrx_word' id='word_1_11' title='bbox 1201 545 1311 615; x_wconf 85' lang='lat' dir='ltr'><strong>serius</strong></span> 
     </span>
     <span class='ocr_line' id='line_1_3' title="bbox 252 650 1309 758; baseline -0.002 -30"><span class='ocrx_word' id='word_1_12' title='bbox 252 691 269 728; x_wconf 73' lang='lat' dir='ltr'><strong>a</strong></span> <span class='ocrx_word' id='word_1_13' title='bbox 282 657 407 758; x_wconf 82' lang='lat' dir='ltr'><strong>paulo,</strong></span> <span class='ocrx_word' id='word_1_14' title='bbox 420 676 534 752; x_wconf 88' lang='lat' dir='ltr'><strong>quum</strong></span> <span class='ocrx_word' id='word_1_15' title='bbox 545 651 702 750; x_wconf 89' lang='lat' dir='ltr'><strong>primum</strong></span> <span class='ocrx_word' id='word_1_16' title='bbox 715 650 940 746; x_wconf 76' lang='lat' dir='ltr'><strong>magistratus</strong></span> <span class='ocrx_word' id='word_1_17' title='bbox 951 650 1028 748; x_wconf 87' lang='lat' dir='ltr'><strong>ipse</strong></span> <span class='ocrx_word' id='word_1_18' title='bbox 1041 653 1209 749; x_wconf 77' lang='lat' dir='ltr'><strong>cepisset,</strong></span> <span class='ocrx_word' id='word_1_19' title='bbox 1218 653 1309 726; x_wconf 88' lang='lat' dir='ltr'><strong>diem</strong></span> 
     </span>
     <span class='ocr_line' id='line_1_4' title="bbox 253 759 1311 862; baseline -0.002 -24"><span class='ocrx_word' id='word_1_20' title='bbox 253 771 435 854; x_wconf 70' lang='lat' dir='ltr'><strong>«eliceret,</strong></span> <span class='ocrx_word' id='word_1_21' title='bbox 453 764 636 836; x_wconf 91' lang='lat' dir='ltr'><strong>inimicum</strong></span> <span class='ocrx_word' id='word_1_22' title='bbox 651 759 697 832; x_wconf 89' lang='lat' dir='ltr'><strong>ad</strong></span> <span class='ocrx_word' id='word_1_23' title='bbox 711 759 888 858; x_wconf 88' lang='lat' dir='ltr'><strong>populum</strong></span> <span class='ocrx_word' id='word_1_24' title='bbox 908 776 1100 834; x_wconf 81' lang='lat' dir='ltr'><strong>accusaret.</strong></span> <span class='ocrx_word' id='word_1_25' title='bbox 1121 766 1175 834; x_wconf 90' lang='lat' dir='ltr'><strong>lta</strong></span> <span class='ocrx_word' id='word_1_26' title='bbox 1189 778 1225 835; x_wconf 84' lang='lat' dir='ltr'><strong>et</strong></span> <span class='ocrx_word' id='word_1_27' title='bbox 1238 786 1311 862; x_wconf 82' lang='lat' dir='ltr'><strong>pre·</strong></span> 
     </span>
     <span class='ocr_line' id='line_1_5' title="bbox 254 870 1311 972; baseline -0.002 -24"><span class='ocrx_word' id='word_1_28' title='bbox 254 882 375 951; x_wconf 70' lang='lat' dir='ltr'><strong>«dum</strong></span> <span class='ocrx_word' id='word_1_29' title='bbox 391 891 490 960; x_wconf 87' lang='lat' dir='ltr'><strong>recte</strong></span> <span class='ocrx_word' id='word_1_30' title='bbox 507 872 590 945; x_wconf 87' lang='lat' dir='ltr'><strong>sacti</strong></span> <span class='ocrx_word' id='word_1_31' title='bbox 609 870 835 968; x_wconf 84' lang='lat' dir='ltr'><strong>triumphum</strong></span> <span class='ocrx_word' id='word_1_32' title='bbox 855 870 1006 944; x_wconf 85' lang='lat' dir='ltr'><strong>haberet</strong></span> <span class='ocrx_word' id='word_1_33' title='bbox 1022 876 1062 944; x_wconf 87' lang='lat' dir='ltr'><strong>L.</strong></span> <span class='ocrx_word' id='word_1_34' title='bbox 1082 874 1227 946; x_wconf 82' lang='lat' dir='ltr'>Paullus</span> <span class='ocrx_word' id='word_1_35' title='bbox 1247 895 1311 972; x_wconf 88' lang='lat' dir='ltr'><strong>pro</strong></span> 
     </span>
     <span class='ocr_line' id='line_1_6' title="bbox 253 981 1322 1088; baseline -0.002 -30"><span class='ocrx_word' id='word_1_36' title='bbox 253 989 426 1088; x_wconf 71' lang='lat' dir='ltr'><strong>«egregie</strong></span> <span class='ocrx_word' id='word_1_37' title='bbox 448 984 545 1057; x_wconf 85' lang='lat' dir='ltr'><strong>bello</strong></span> <span class='ocrx_word' id='word_1_38' title='bbox 569 998 694 1081; x_wconf 80' lang='lat' dir='ltr'><strong>gesto,</strong></span> <span class='ocrx_word' id='word_1_39' title='bbox 715 996 752 1052; x_wconf 89' lang='lat' dir='ltr'><strong>ct</strong></span> <span class='ocrx_word' id='word_1_40' title='bbox 774 995 941 1078; x_wconf 84' lang='lat' dir='ltr'><strong>poenam,</strong></span> <span class='ocrx_word' id='word_1_41' title='bbox 963 983 993 1053; x_wconf 90' lang='lat' dir='ltr'><strong>si</strong></span> <span class='ocrx_word' id='word_1_42' title='bbox 1020 981 1109 1078; x_wconf 91' lang='lat' dir='ltr'><strong>quid</strong></span> <span class='ocrx_word' id='word_1_43' title='bbox 1132 996 1168 1054; x_wconf 91' lang='lat' dir='ltr'><strong>et</strong></span> <span class='ocrx_word' id='word_1_44' title='bbox 1194 999 1322 1056; x_wconf 75' lang='lat' dir='ltr'><strong>vetere.</strong></span> 
     </span>
     <span class='ocr_line' id='line_1_7' title="bbox 254 1088 1310 1199; baseline -0.003 -31"><span class='ocrx_word' id='word_1_45' title='bbox 254 1100 397 1199; x_wconf 81' lang='lat' dir='ltr'><strong>«gloria</strong></span> <span class='ocrx_word' id='word_1_46' title='bbox 418 1109 534 1167; x_wconf 85' lang='lat' dir='ltr'><strong>suaet</strong></span> <span class='ocrx_word' id='word_1_47' title='bbox 552 1117 645 1164; x_wconf 90' lang='lat' dir='ltr'><strong>nova</strong></span> <span class='ocrx_word' id='word_1_48' title='bbox 663 1091 853 1188; x_wconf 83' lang='lat' dir='ltr'><strong>indignum</strong></span> <span class='ocrx_word' id='word_1_49' title='bbox 870 1088 1019 1164; x_wconf 73' lang='lat' dir='ltr'><strong>fecisset.</strong></span> <span class='ocrx_word' id='word_1_50' title='bbox 1039 1091 1109 1164; x_wconf 85' lang='lat' dir='ltr'><strong>Sed</strong></span> <span class='ocrx_word' id='word_1_51' title='bbox 1129 1092 1310 1184; x_wconf 82' lang='lat' dir='ltr'><strong>videlicet,</strong></span> 
     </span>
     <span class='ocr_line' id='line_1_8' title="bbox 255 1199 1310 1302; baseline -0.003 -24"><span class='ocrx_word' id='word_1_52' title='bbox 255 1211 343 1282; x_wconf 77' lang='lat' dir='ltr'><strong>«cui</strong></span> <span class='ocrx_word' id='word_1_53' title='bbox 356 1208 493 1280; x_wconf 84' lang='lat' dir='ltr'><strong>crimen</strong></span> <span class='ocrx_word' id='word_1_54' title='bbox 504 1203 666 1289; x_wconf 86' lang='lat' dir='ltr'><strong>nullum,</strong></span> <span class='ocrx_word' id='word_1_55' title='bbox 680 1200 822 1271; x_wconf 90' lang='lat' dir='ltr'><strong>nullum</strong></span> <span class='ocrx_word' id='word_1_56' title='bbox 835 1199 1010 1297; x_wconf 87' lang='lat' dir='ltr'><strong>probrum</strong></span> <span class='ocrx_word' id='word_1_57' title='bbox 1023 1201 1142 1275; x_wconf 85' lang='lat' dir='ltr'>dicere</span> <span class='ocrx_word' id='word_1_58' title='bbox 1156 1219 1310 1302; x_wconf 86' lang='lat' dir='ltr'><strong>poterat,</strong></span> 
     </span>
     <span class='ocr_line' id='line_1_9' title="bbox 253 1307 1312 1417; baseline -0.005 -27"><span class='ocrx_word' id='word_1_59' title='bbox 253 1322 362 1417; x_wconf 78' lang='lat' dir='ltr'><strong>«ejus</strong></span> <span class='ocrx_word' id='word_1_60' title='bbox 389 1317 592 1389; x_wconf 77' lang='lat' dir='ltr'><strong>obtrectare</strong></span> <span class='ocrx_word' id='word_1_61' title='bbox 616 1312 740 1384; x_wconf 86' lang='lat' dir='ltr'><strong>laudes</strong></span> <span class='ocrx_word' id='word_1_62' title='bbox 765 1309 889 1381; x_wconf 89' lang='lat' dir='ltr'><strong>voluit.</strong></span> <span class='ocrx_word' id='word_1_63' title='bbox 915 1313 1022 1384; x_wconf 87' lang='lat' dir='ltr'><strong>Diem</strong></span> <span class='ocrx_word' id='word_1_64' title='bbox 1048 1307 1229 1412; x_wconf 84' lang='lat' dir='ltr'><strong>integrum</strong></span> <span class='ocrx_word' id='word_1_65' title='bbox 1253 1315 1312 1385; x_wconf 87' lang='lat' dir='ltr'><strong>he·</strong></span> 
     </span>
     <span class='ocr_line' id='line_1_10' title="bbox 253 1420 1314 1521; baseline -0.002 -23"><span class='ocrx_word' id='word_1_66' title='bbox 253 1463 270 1498; x_wconf 87' lang='lat'>«</span> <span class='ocrx_word' id='word_1_67' title='bbox 283 1445 407 1504; x_wconf 88' lang='lat' dir='ltr'><strong>sterno</strong></span> <span class='ocrx_word' id='word_1_68' title='bbox 421 1428 478 1498; x_wconf 88' lang='lat' dir='ltr'><strong>die</strong></span> <span class='ocrx_word' id='word_1_69' title='bbox 490 1425 535 1497; x_wconf 87' lang='lat' dir='ltr'><strong>ad</strong></span> <span class='ocrx_word' id='word_1_70' title='bbox 549 1420 788 1495; x_wconf 86' lang='lat' dir='ltr'><strong>accusandum</strong></span> <span class='ocrx_word' id='word_1_71' title='bbox 798 1425 836 1491; x_wconf 91' lang='lat' dir='ltr'><strong>L.</strong></span> <span class='ocrx_word' id='word_1_72' title='bbox 848 1421 1010 1493; x_wconf 84' lang='lat' dir='ltr'><strong>Paullum</strong></span> <span class='ocrx_word' id='word_1_73' title='bbox 1025 1423 1144 1520; x_wconf 86' lang='lat' dir='ltr'><strong>petiit:</strong></span> <span class='ocrx_word' id='word_1_74' title='bbox 1159 1439 1314 1521; x_wconf 86' lang='lat' dir='ltr'><strong>quatuor</strong></span> 
     </span>
     <span class='ocr_line' id='line_1_11' title="bbox 254 1531 1311 1635; baseline -0.003 -26"><span class='ocrx_word' id='word_1_75' title='bbox 254 1542 410 1627; x_wconf 75' lang='lat' dir='ltr'><strong>«horas,</strong></span> <span class='ocrx_word' id='word_1_76' title='bbox 429 1549 606 1635; x_wconf 85' lang='lat' dir='ltr'><strong>quantum</strong></span> <span class='ocrx_word' id='word_1_77' title='bbox 621 1546 807 1628; x_wconf 80' lang='lat' dir='ltr'><strong>supererat</strong></span> <span class='ocrx_word' id='word_1_78' title='bbox 824 1531 911 1619; x_wconf 89' lang='lat' dir='ltr'><strong>diei,</strong></span> <span class='ocrx_word' id='word_1_79' title='bbox 930 1532 1085 1604; x_wconf 88' lang='lat' dir='ltr'><strong>dicendo</strong></span> <span class='ocrx_word' id='word_1_80' title='bbox 1103 1533 1311 1632; x_wconf 87' lang='lat' dir='ltr'><strong>absumpsit.</strong></span> 
     </span>
     <span class='ocr_line' id='line_1_12' title="bbox 254 1639 1315 1744; baseline -0.003 -25"><span class='ocrx_word' id='word_1_81' title='bbox 254 1653 375 1742; x_wconf 80' lang='lat' dir='ltr'><strong>«Quis</strong></span> <span class='ocrx_word' id='word_1_82' title='bbox 390 1669 549 1744; x_wconf 84' lang='lat' dir='ltr'><strong>unquam</strong></span> <span class='ocrx_word' id='word_1_83' title='bbox 566 1659 639 1714; x_wconf 87' lang='lat' dir='ltr'><strong>tam</strong></span> <span class='ocrx_word' id='word_1_84' title='bbox 657 1643 792 1714; x_wconf 79' lang='lat' dir='ltr'><strong>nccens</strong></span> <span class='ocrx_word' id='word_1_85' title='bbox 808 1665 892 1712; x_wconf 89' lang='lat' dir='ltr'><strong>reus</strong></span> <span class='ocrx_word' id='word_1_86' title='bbox 905 1639 991 1730; x_wconf 85' lang='lat' dir='ltr'><strong>fult,</strong></span> <span class='ocrx_word' id='word_1_87' title='bbox 1011 1643 1113 1738; x_wconf 88' lang='lat' dir='ltr'><strong>cujus</strong></span> <span class='ocrx_word' id='word_1_88' title='bbox 1130 1643 1218 1716; x_wconf 84' lang='lat' dir='ltr'><strong>¹vitia</strong></span> <span class='ocrx_word' id='word_1_89' title='bbox 1238 1646 1315 1716; x_wconf 85' lang='lat' dir='ltr'><strong>vitae</strong></span> 
     </span>
     <span class='ocr_line' id='line_1_13' title="bbox 254 1751 1314 1852; baseline 0.001 -26"><span class='ocrx_word' id='word_1_90' title='bbox 254 1791 271 1826; x_wconf 68' lang='grc' dir='ltr'><strong>ι(</strong></span> <span class='ocrx_word' id='word_1_91' title='bbox 283 1775 340 1832; x_wconf 87' lang='lat' dir='ltr'><strong>tot</strong></span> <span class='ocrx_word' id='word_1_92' title='bbox 359 1757 458 1829; x_wconf 88' lang='lat' dir='ltr'><strong>horis</strong></span> <span class='ocrx_word' id='word_1_93' title='bbox 476 1755 639 1852; x_wconf 77' lang='lat' dir='ltr'><strong>expromi</strong></span> <span class='ocrx_word' id='word_1_94' title='bbox 657 1767 732 1823; x_wconf 89' lang='lat' dir='ltr'><strong>non</strong></span> <span class='ocrx_word' id='word_1_95' title='bbox 750 1753 926 1849; x_wconf 79' lang='lat' dir='ltr'><strong>possent?</strong></span> <span class='ocrx_word' id='word_1_96' title='bbox 943 1751 1041 1843; x_wconf 88' lang='lat' dir='ltr'><strong>Quid</strong></span> <span class='ocrx_word' id='word_1_97' title='bbox 1057 1755 1201 1826; x_wconf 88' lang='lat' dir='ltr'><strong>interim</strong></span> <span class='ocrx_word' id='word_1_98' title='bbox 1218 1754 1314 1850; x_wconf 88' lang='lat' dir='ltr'><strong>obje-</strong></span> 
     </span>
     <span class='ocr_line' id='line_1_14' title="bbox 254 1862 1316 1966; baseline -0.002 -28"><span class='ocrx_word' id='word_1_99' title='bbox 254 1903 271 1938; x_wconf 69' lang='grc' dir='ltr'><strong>α</strong></span> <span class='ocrx_word' id='word_1_100' title='bbox 284 1873 350 1958; x_wconf 87' lang='lat' dir='ltr'><strong>cit,</strong></span> <span class='ocrx_word' id='word_1_101' title='bbox 365 1867 471 1966; x_wconf 88' lang='lat' dir='ltr'><strong>quod</strong></span> <span class='ocrx_word' id='word_1_102' title='bbox 477 1871 515 1937; x_wconf 89' lang='lat' dir='ltr'><strong>L.</strong></span> <span class='ocrx_word' id='word_1_103' title='bbox 531 1862 691 1950; x_wconf 87' lang='lat' dir='ltr'><strong>Paullus,</strong></span> <span class='ocrx_word' id='word_1_104' title='bbox 707 1865 736 1934; x_wconf 92' lang='lat' dir='ltr'><strong>si</strong></span> <span class='ocrx_word' id='word_1_105' title='bbox 748 1885 891 1934; x_wconf 88' lang='lat' dir='ltr'><strong>causam</strong></span> <span class='ocrx_word' id='word_1_106' title='bbox 905 1862 1017 1954; x_wconf 86' lang='lat' dir='ltr'><strong>dicat,</strong></span> <span class='ocrx_word' id='word_1_107' title='bbox 1030 1882 1201 1964; x_wconf 84' lang='lat' dir='ltr'><strong>negatum</strong></span> <span class='ocrx_word' id='word_1_108' title='bbox 1215 1866 1316 1938; x_wconf 84' lang='lat' dir='ltr'><strong>velit?</strong></span> 
     </span>
     <span class='ocr_line' id='line_1_15' title="bbox 255 1968 1315 2078; baseline 0.002 -32"><span class='ocrx_word' id='word_1_109' title='bbox 255 2011 272 2046; x_wconf 70' lang='lat' dir='ltr'><strong>a</strong></span> <span class='ocrx_word' id='word_1_110' title='bbox 285 1985 383 2050; x_wconf 87' lang='lat' dir='ltr'><strong>Duas</strong></span> <span class='ocrx_word' id='word_1_111' title='bbox 399 1968 488 2048; x_wconf 89' lang='lat' dir='ltr'><strong>mihi</strong></span> <span class='ocrx_word' id='word_1_112' title='bbox 503 1975 630 2071; x_wconf 89' lang='lat' dir='ltr'><strong>aliquis</strong></span> <span class='ocrx_word' id='word_1_113' title='bbox 647 1973 838 2044; x_wconf 86' lang='lat' dir='ltr'><strong>conciones</strong></span> <span class='ocrx_word' id='word_1_114' title='bbox 851 1995 1045 2078; x_wconf 87' lang='lat' dir='ltr'><strong>parumper</strong></span> <span class='ocrx_word' id='word_1_115' title='bbox 1064 1973 1189 2048; x_wconf 82' lang='lat' dir='ltr'><strong>faciat:</strong></span> <span class='ocrx_word' id='word_1_116' title='bbox 1206 1997 1315 2048; x_wconf 89' lang='lat' dir='ltr'><strong>unam</strong></span> 
     </span>
     <span class='ocr_line' id='line_1_16' title="bbox 220 2083 1316 2184; baseline 0 -26"><span class='ocrx_word' id='word_1_117' title='bbox 220 2169 223 2173; x_wconf 91' lang='lat'><strong>.</strong></span> <span class='ocrx_word' id='word_1_118' title='bbox 254 2123 271 2158; x_wconf 84' lang='grc'>«</span> <span class='ocrx_word' id='word_1_119' title='bbox 284 2089 440 2160; x_wconf 87' lang='lat' dir='ltr'><strong>militum</strong></span> <span class='ocrx_word' id='word_1_120' title='bbox 453 2083 793 2170; x_wconf 71' lang='lat' dir='ltr'><strong>Macedonicorum</strong></span> <span class='ocrx_word' id='word_1_121' title='bbox 812 2106 939 2181; x_wconf 86' lang='lat' dir='ltr'><strong>puram</strong></span> <span class='ocrx_word' id='word_1_122' title='bbox 955 2083 1137 2173; x_wconf 80' lang='lat' dir='ltr'><strong>alteram³‚</strong></span> <span class='ocrx_word' id='word_1_123' title='bbox 1150 2088 1316 2184; x_wconf 82' lang='lat' dir='ltr'><strong>integrio-</strong></span> 
     </span>
     <span class='ocr_line' id='line_1_17' title="bbox 256 2192 1315 2296; baseline 0.005 -32"><span class='ocrx_word' id='word_1_124' title='bbox 256 2200 335 2268; x_wconf 74' lang='lat' dir='ltr'><strong>«ris</strong></span> <span class='ocrx_word' id='word_1_125' title='bbox 349 2195 496 2292; x_wconf 80' lang='lat' dir='ltr'><strong>judicii,</strong></span> <span class='ocrx_word' id='word_1_126' title='bbox 515 2209 553 2266; x_wconf 86' lang='lat' dir='ltr'><strong>et</strong></span> <span class='ocrx_word' id='word_1_127' title='bbox 573 2219 594 2265; x_wconf 91' lang='lat' dir='ltr'><strong>a</strong></span> <span class='ocrx_word' id='word_1_128' title='bbox 617 2192 738 2265; x_wconf 81' lang='lat' dir='ltr'><strong>lavore</strong></span> <span class='ocrx_word' id='word_1_129' title='bbox 762 2207 798 2296; x_wconf 84' lang='lat' dir='ltr'><strong>et</strong></span> <span class='ocrx_word' id='word_1_130' title='bbox 819 2193 928 2282; x_wconf 87' lang='lat' dir='ltr'><strong>odio,</strong></span> <span class='ocrx_word' id='word_1_131' title='bbox 949 2197 1115 2268; x_wconf 86' lang='lat' dir='ltr'><strong>universo</strong></span> <span class='ocrx_word' id='word_1_132' title='bbox 1132 2197 1315 2292; x_wconf 85' lang='lat' dir='ltr'><strong>judicante</strong></span> 
     </span>
     <span class='ocr_line' id='line_1_18' title="bbox 256 2304 1315 2406; baseline 0.002 -30"><span class='ocrx_word' id='word_1_133' title='bbox 256 2307 424 2406; x_wconf 81' lang='lat' dir='ltr'><strong>«populo</strong></span> <span class='ocrx_word' id='word_1_134' title='bbox 441 2330 603 2377; x_wconf 87' lang='lat' dir='ltr'><strong>romano.</strong></span> <span class='ocrx_word' id='word_1_135' title='bbox 622 2304 729 2402; x_wconf 86' lang='lat' dir='ltr'><strong>Apud</strong></span> <span class='ocrx_word' id='word_1_136' title='bbox 749 2304 961 2376; x_wconf 89' lang='lat' dir='ltr'><strong>concionem</strong></span> <span class='ocrx_word' id='word_1_137' title='bbox 978 2318 1135 2402; x_wconf 86' lang='lat' dir='ltr'><strong>togatam</strong></span> <span class='ocrx_word' id='word_1_138' title='bbox 1157 2321 1193 2378; x_wconf 91' lang='lat' dir='ltr'><strong>et</strong></span> <span class='ocrx_word' id='word_1_139' title='bbox 1206 2307 1315 2379; x_wconf 87' lang='lat' dir='ltr'><strong>urba-</strong></span> 
     </span>
     <span class='ocr_line' id='line_1_19' title="bbox 256 2415 1315 2514; baseline 0.002 -25"><span class='ocrx_word' id='word_1_140' title='bbox 256 2447 272 2489; x_wconf 75' lang='lat' dir='ltr'><strong>t</strong></span> <span class='ocrx_word' id='word_1_141' title='bbox 285 2441 368 2488; x_wconf 90' lang='lat' dir='ltr'><strong>nam</strong></span> <span class='ocrx_word' id='word_1_142' title='bbox 382 2417 481 2514; x_wconf 88' lang='lat' dir='ltr'><strong>prius</strong></span> <span class='ocrx_word' id='word_1_143' title='bbox 493 2439 576 2486; x_wconf 86' lang='lat' dir='ltr'><strong>rens</strong></span> <span class='ocrx_word' id='word_1_144' title='bbox 590 2429 723 2512; x_wconf 83' lang='lat' dir='ltr'><strong>agatur.</strong></span> <span class='ocrx_word' id='word_1_145' title='bbox 738 2415 836 2505; x_wconf 87' lang='lat' dir='ltr'><strong>Quid</strong></span> <span class='ocrx_word' id='word_1_146' title='bbox 849 2415 946 2512; x_wconf 90' lang='lat' dir='ltr'><strong>apud</strong></span> <span class='ocrx_word' id='word_1_147' title='bbox 960 2416 1118 2506; x_wconf 89' lang='lat' dir='ltr'><strong>Quirites</strong></span> <span class='ocrx_word' id='word_1_148' title='bbox 1131 2441 1315 2509; x_wconf 81' lang='lat' dir='ltr'><strong>romanOS,</strong></span> 
     </span>
    </p>
   </div>
   <div class='ocr_carea' id='block_1_2' title="bbox 251 2647 1318 4217">
    <p class='ocr_par' dir='ltr' id='par_1_3' title="bbox 251 2647 1318 3821">
     <span class='ocr_line' id='line_1_20' title="bbox 259 2647 1318 2717; baseline -0.001 -15"><span class='ocrx_word' id='word_1_149' title='bbox 259 2668 329 2712; x_wconf 72' lang='lat' dir='ltr'><strong>eum,</strong></span> <span class='ocrx_word' id='word_1_150' title='bbox 349 2651 391 2702; x_wconf 81' lang='lat' dir='ltr'><strong>alii</strong></span> <span class='ocrx_word' id='word_1_151' title='bbox 413 2667 488 2717; x_wconf 80' lang='lat' dir='ltr'><strong>quum</strong></span> <span class='ocrx_word' id='word_1_152' title='bbox 513 2667 544 2699; x_wconf 78' lang='lat' dir='ltr'><strong>ex</strong></span> <span class='ocrx_word' id='word_1_153' title='bbox 571 2648 665 2699; x_wconf 72' lang='lat' dir='ltr'><strong>mend.</strong></span> <span class='ocrx_word' id='word_1_154' title='bbox 682 2649 766 2714; x_wconf 77' lang='lat' dir='ltr'><strong>Sigon.</strong></span> <span class='ocrx_word' id='word_1_155' title='bbox 809 2662 906 2713; x_wconf 77' lang='lat' dir='ltr'><strong>rumpet</strong></span> <span class='ocrx_word' id='word_1_156' title='bbox 913 2647 1014 2714; x_wconf 79' lang='lat' dir='ltr'><strong>faeiat,</strong></span> <span class='ocrx_word' id='word_1_157' title='bbox 1033 2649 1058 2698; x_wconf 84' lang='lat' dir='ltr'><strong>lr.</strong></span> <span class='ocrx_word' id='word_1_158' title='bbox 1072 2665 1094 2699; x_wconf 87' lang='lat' dir='ltr'><strong>e.</strong></span> <span class='ocrx_word' id='word_1_159' title='bbox 1112 2659 1244 2715; x_wconf 77' lang='lat' dir='ltr'><strong>ponamus,</strong></span> <span class='ocrx_word' id='word_1_160' title='bbox 1258 2651 1318 2701; x_wconf 79' lang='lat' dir='ltr'><strong>dnas‘</strong></span> 
     </span>
     <span class='ocr_line' id='line_1_21' title="bbox 254 2727 1318 2800; baseline 0.002 -20"><span class='ocrx_word' id='word_1_161' title='bbox 254 2745 354 2796; x_wconf 80' lang='lat' dir='ltr'><strong>postero</strong></span> <span class='ocrx_word' id='word_1_162' title='bbox 371 2731 425 2790; x_wconf 69' lang='lat' dir='ltr'><strong>de,</strong></span> <span class='ocrx_word' id='word_1_163' title='bbox 444 2747 518 2800; x_wconf 83' lang='lat' dir='ltr'><strong>quam</strong></span> <span class='ocrx_word' id='word_1_164' title='bbox 534 2728 723 2794; x_wconf 65' lang='lat' dir='ltr'><strong>triumphatum,</strong></span> <span class='ocrx_word' id='word_1_165' title='bbox 742 2739 768 2776; x_wconf 87' lang='lat' dir='ltr'><strong>et</strong></span> <span class='ocrx_word' id='word_1_166' title='bbox 809 2729 870 2776; x_wconf 85' lang='lat' dir='ltr'><strong>milri</strong></span> <span class='ocrx_word' id='word_1_167' title='bbox 884 2728 934 2788; x_wconf 79' lang='lat' dir='ltr'><strong>jem</strong></span> <span class='ocrx_word' id='word_1_168' title='bbox 954 2727 1037 2778; x_wconf 79' lang='lat' dir='ltr'><strong>adesse</strong></span> <span class='ocrx_word' id='word_1_169' title='bbox 1061 2729 1211 2791; x_wconf 68' lang='lat' dir='ltr'><strong>conciones,</strong></span> <span class='ocrx_word' id='word_1_170' title='bbox 1234 2747 1318 2782; x_wconf 72' lang='lat' dir='ltr'><strong>norem</strong></span> 
     </span>
     <span class='ocr_line' id='line_1_22' title="bbox 258 2807 1316 2877; baseline -0.001 -18"><span class='ocrx_word' id='word_1_171' title='bbox 258 2828 331 2877; x_wconf 83' lang='lat' dir='ltr'><strong>qunm</strong></span> <span class='ocrx_word' id='word_1_172' title='bbox 339 2809 462 2876; x_wconf 80' lang='lat' dir='ltr'><strong>privatum</strong></span> <span class='ocrx_word' id='word_1_173' title='bbox 476 2827 531 2858; x_wconf 85' lang='lat' dir='ltr'><strong>enm</strong></span> <span class='ocrx_word' id='word_1_174' title='bbox 539 2827 565 2858; x_wconf 84' lang='grc' dir='ltr'><strong>ν.</strong></span> <span class='ocrx_word' id='word_1_175' title='bbox 578 2826 599 2860; x_wconf 81' lang='lat' dir='ltr'><strong>e.</strong></span> <span class='ocrx_word' id='word_1_176' title='bbox 613 2809 678 2870; x_wconf 84' lang='lat' dir='ltr'><strong>conj.</strong></span> <span class='ocrx_word' id='word_1_177' title='bbox 688 2809 765 2856; x_wconf 88' lang='lat' dir='ltr'><strong>Gron.</strong></span> <span class='ocrx_word' id='word_1_178' title='bbox 810 2807 898 2870; x_wconf 83' lang='lat' dir='ltr'><strong>quibus</strong></span> <span class='ocrx_word' id='word_1_179' title='bbox 913 2823 1010 2854; x_wconf 77' lang='lat' dir='ltr'><strong>cautem</strong></span> <span class='ocrx_word' id='word_1_180' title='bbox 1027 2807 1091 2855; x_wconf 85' lang='lat' dir='ltr'><strong>dicat</strong></span> <span class='ocrx_word' id='word_1_181' title='bbox 1105 2809 1223 2858; x_wconf 82' lang='lat' dir='ltr'><strong>AEmilius.</strong></span> <span class='ocrx_word' id='word_1_182' title='bbox 1234 2833 1246 2852; x_wconf 75' lang='grc' dir='ltr'><strong>α</strong></span> <span class='ocrx_word' id='word_1_183' title='bbox 1256 2809 1316 2870; x_wconf 80' lang='lat' dir='ltr'><strong>Sed,</strong></span> 
     </span>
     <span class='ocr_line' id='line_1_23' title="bbox 253 2885 1316 2955; baseline -0.001 -16"><span class='ocrx_word' id='word_1_184' title='bbox 253 2903 352 2955; x_wconf 79' lang='lat' dir='ltr'><strong>postero</strong></span> <span class='ocrx_word' id='word_1_185' title='bbox 362 2890 417 2948; x_wconf 83' lang='lat' dir='ltr'><strong>die,</strong></span> <span class='ocrx_word' id='word_1_186' title='bbox 426 2906 500 2954; x_wconf 79' lang='lat' dir='ltr'><strong>quam</strong></span> <span class='ocrx_word' id='word_1_187' title='bbox 514 2885 702 2953; x_wconf 59' lang='lat' dir='ltr'><strong>mtamptamm,</strong></span> <span class='ocrx_word' id='word_1_188' title='bbox 710 2885 764 2951; x_wconf 82' lang='lat' dir='ltr'><strong>pn&#39;-</strong></span> <span class='ocrx_word' id='word_1_189' title='bbox 807 2887 842 2936; x_wconf 79' lang='lat' dir='ltr'><strong>eit</strong></span> <span class='ocrx_word' id='word_1_190' title='bbox 853 2887 1248 2952; x_wconf 72' lang='lat' dir='ltr'><strong>Deering.‚cutparumper.³an,</strong></span> <span class='ocrx_word' id='word_1_191' title='bbox 1259 2890 1316 2952; x_wconf 76' lang='lat' dir='ltr'><strong>qnia</strong></span> 
     </span>
     <span class='ocr_line' id='line_1_24' title="bbox 251 2966 1316 3036; baseline -0.004 -16"><span class='ocrx_word' id='word_1_192' title='bbox 251 2979 386 3036; x_wconf 68' lang='lat' dir='ltr'><strong>datumque</strong></span> <span class='ocrx_word' id='word_1_193' title='bbox 406 2984 481 3033; x_wconf 86' lang='lat' dir='ltr'><strong>quum</strong></span> <span class='ocrx_word' id='word_1_194' title='bbox 501 2969 540 3018; x_wconf 81' lang='lat' dir='ltr'><strong>vel</strong></span> <span class='ocrx_word' id='word_1_195' title='bbox 555 2984 609 3016; x_wconf 80' lang='lat' dir='ltr'><strong>eum</strong></span> <span class='ocrx_word' id='word_1_196' title='bbox 626 2985 652 3018; x_wconf 82' lang='lat' dir='ltr'><strong>n.</strong></span> <span class='ocrx_word' id='word_1_197' title='bbox 671 2982 693 3016; x_wconf 81' lang='lat' dir='ltr'><strong>e.</strong></span> <span class='ocrx_word' id='word_1_198' title='bbox 710 2968 763 3016; x_wconf 83' lang='lat' dir='ltr'><strong>Jac.</strong></span> <span class='ocrx_word' id='word_1_199' title='bbox 807 2981 859 3016; x_wconf 88' lang='lat' dir='ltr'><strong>uon</strong></span> <span class='ocrx_word' id='word_1_200' title='bbox 875 2979 939 3030; x_wconf 83' lang='lat' dir='ltr'><strong>opus</strong></span> <span class='ocrx_word' id='word_1_201' title='bbox 956 2977 1019 3025; x_wconf 77' lang='lat' dir='ltr'><strong>eret,</strong></span> <span class='ocrx_word' id='word_1_202' title='bbox 1033 2977 1061 3016; x_wconf 86' lang='lat' dir='ltr'><strong>ut</strong></span> <span class='ocrx_word' id='word_1_203' title='bbox 1077 2966 1170 3016; x_wconf 82' lang='lat' dir='ltr'><strong>diutius</strong></span> <span class='ocrx_word' id='word_1_204' title='bbox 1182 2969 1210 3016; x_wconf 82' lang='lat' dir='ltr'><strong>in</strong></span> <span class='ocrx_word' id='word_1_205' title='bbox 1221 2985 1316 3017; x_wconf 69' lang='lat' dir='ltr'><strong>esuum</strong></span> 
     </span>
     <span class='ocr_line' id='line_1_25' title="bbox 258 3044 1318 3112; baseline 0 -16"><span class='ocrx_word' id='word_1_206' title='bbox 258 3048 334 3096; x_wconf 68' lang='lat' dir='ltr'><strong>Perit.</strong></span> <span class='ocrx_word' id='word_1_207' title='bbox 344 3066 373 3112; x_wconf 83' lang='lat' dir='ltr'><strong>p.</strong></span> <span class='ocrx_word' id='word_1_208' title='bbox 389 3047 443 3105; x_wconf 76' lang='lat' dir='ltr'><strong>die,</strong></span> <span class='ocrx_word' id='word_1_209' title='bbox 458 3064 534 3112; x_wconf 86' lang='lat' dir='ltr'><strong>quam</strong></span> <span class='ocrx_word' id='word_1_210' title='bbox 551 3047 724 3110; x_wconf 79' lang='lat' dir='ltr'><strong>triumphatum</strong></span> <span class='ocrx_word' id='word_1_211' title='bbox 742 3055 766 3092; x_wconf 89' lang='lat' dir='ltr'><strong>et</strong></span> <span class='ocrx_word' id='word_1_212' title='bbox 808 3044 886 3093; x_wconf 87' lang='lat' dir='ltr'><strong>Paulli</strong></span> <span class='ocrx_word' id='word_1_213' title='bbox 894 3045 1070 3109; x_wconf 71' lang='lat' dir='ltr'><strong>inquireretur,</strong></span> <span class='ocrx_word' id='word_1_214' title='bbox 1080 3046 1119 3094; x_wconf 79' lang='lat' dir='ltr'><strong>vel</strong></span> <span class='ocrx_word' id='word_1_215' title='bbox 1127 3063 1173 3111; x_wconf 85' lang='lat' dir='ltr'><strong>per</strong></span> <span class='ocrx_word' id='word_1_216' title='bbox 1182 3048 1245 3096; x_wconf 86' lang='lat' dir='ltr'><strong>diem</strong></span> <span class='ocrx_word' id='word_1_217' title='bbox 1254 3049 1318 3096; x_wconf 78' lang='lat' dir='ltr'><strong>inte·</strong></span> 
     </span>
     <span class='ocr_line' id='line_1_26' title="bbox 253 3123 1315 3196; baseline 0 -22"><span class='ocrx_word' id='word_1_218' title='bbox 253 3125 378 3191; x_wconf 72' lang='lat' dir='ltr'><strong>privatum</strong></span> <span class='ocrx_word' id='word_1_219' title='bbox 388 3141 443 3174; x_wconf 80' lang='lat' dir='ltr'><strong>sum</strong></span> <span class='ocrx_word' id='word_1_220' title='bbox 455 3143 483 3176; x_wconf 82' lang='lat' dir='ltr'><strong>u.</strong></span> <span class='ocrx_word' id='word_1_221' title='bbox 497 3141 518 3174; x_wconf 80' lang='lat' dir='ltr'><strong>e.</strong></span> <span class='ocrx_word' id='word_1_222' title='bbox 536 3125 611 3175; x_wconf 73' lang='lat' dir='ltr'><strong>onte</strong></span> <span class='ocrx_word' id='word_1_223' title='bbox 626 3125 694 3174; x_wconf 85' lang='lat' dir='ltr'><strong>Idem</strong></span> <span class='ocrx_word' id='word_1_224' title='bbox 706 3124 766 3172; x_wconf 76' lang='lat' dir='ltr'><strong>mihi</strong></span> <span class='ocrx_word' id='word_1_225' title='bbox 809 3141 879 3188; x_wconf 80' lang='lat' dir='ltr'><strong>grum</strong></span> <span class='ocrx_word' id='word_1_226' title='bbox 892 3125 971 3174; x_wconf 75' lang='lat' dir='ltr'><strong>oratio</strong></span> <span class='ocrx_word' id='word_1_227' title='bbox 990 3135 1074 3174; x_wconf 76' lang='lat' dir='ltr'><strong>coum</strong></span> <span class='ocrx_word' id='word_1_228' title='bbox 1091 3141 1147 3196; x_wconf 79' lang='lat' dir='ltr'><strong>sum</strong></span> <span class='ocrx_word' id='word_1_229' title='bbox 1167 3123 1315 3174; x_wconf 77' lang='lat' dir='ltr'><strong>haberetur?</strong></span> 
     </span>
     <span class='ocr_line' id='line_1_27' title="bbox 257 3205 1315 3270; baseline 0.002 -16"><span class='ocrx_word' id='word_1_230' title='bbox 257 3206 285 3254; x_wconf 83' lang='lat' dir='ltr'><strong>in</strong></span> <span class='ocrx_word' id='word_1_231' title='bbox 301 3215 407 3254; x_wconf 75' lang='lat' dir='ltr'><strong>mentem</strong></span> <span class='ocrx_word' id='word_1_232' title='bbox 426 3205 508 3264; x_wconf 77' lang='lat' dir='ltr'><strong>venit,</strong></span> <span class='ocrx_word' id='word_1_233' title='bbox 527 3205 570 3254; x_wconf 84' lang='lat' dir='ltr'><strong>sed</strong></span> <span class='ocrx_word' id='word_1_234' title='bbox 589 3215 614 3253; x_wconf 84' lang='lat' dir='ltr'><strong>et</strong></span> <span class='ocrx_word' id='word_1_235' title='bbox 630 3219 704 3268; x_wconf 83' lang='lat' dir='ltr'><strong>quum</strong></span> <span class='ocrx_word' id='word_1_236' title='bbox 718 3219 766 3268; x_wconf 87' lang='lat' dir='ltr'><strong>pro</strong></span> <span class='ocrx_word' id='word_1_237' title='bbox 808 3219 854 3268; x_wconf 90' lang='lat' dir='ltr'><strong>pro</strong></span> <span class='ocrx_word' id='word_1_238' title='bbox 863 3220 994 3268; x_wconf 76' lang='lat' dir='ltr'><strong>parumper</strong></span> <span class='ocrx_word' id='word_1_239' title='bbox 1004 3205 1117 3268; x_wconf 81' lang='lat' dir='ltr'><strong>equidem</strong></span> <span class='ocrx_word' id='word_1_240' title='bbox 1128 3207 1315 3270; x_wconf 77' lang='lat' dir='ltr'><strong>exspectabam:</strong></span> 
     </span>
     <span class='ocr_line' id='line_1_28' title="bbox 258 3282 1317 3349; baseline 0 -17"><span class='ocrx_word' id='word_1_241' title='bbox 258 3297 341 3349; x_wconf 76' lang='lat' dir='ltr'><strong>quam.</strong></span> <span class='ocrx_word' id='word_1_242' title='bbox 360 3309 395 3322; x_wconf 88' lang='lat'><em>-</em></span> <span class='ocrx_word' id='word_1_243' title='bbox 413 3285 509 3332; x_wconf 79' lang='lat' dir='ltr'><strong>Nomen</strong></span> <span class='ocrx_word' id='word_1_244' title='bbox 527 3282 646 3349; x_wconf 73' lang='lat' dir='ltr'><strong>desernit,-</strong></span> <span class='ocrx_word' id='word_1_245' title='bbox 664 3283 765 3332; x_wconf 78' lang='lat' dir='ltr'><strong>vidend</strong></span> <span class='ocrx_word' id='word_1_246' title='bbox 808 3283 839 3332; x_wconf 77' lang='lat' dir='ltr'><strong>ed</strong></span> <span class='ocrx_word' id='word_1_247' title='bbox 858 3299 955 3332; x_wconf 77' lang='lat' dir='ltr'><strong>causans</strong></span> <span class='ocrx_word' id='word_1_248' title='bbox 974 3284 1052 3332; x_wconf 76' lang='lat' dir='ltr'><strong>Paulli</strong></span> <span class='ocrx_word' id='word_1_249' title='bbox 1067 3286 1261 3348; x_wconf 74' lang='lat' dir='ltr'><strong>cognoscendam</strong></span> <span class='ocrx_word' id='word_1_250' title='bbox 1277 3285 1317 3332; x_wconf 79' lang='lat' dir='ltr'><strong>vel</strong></span> 
     </span>
     <span class='ocr_line' id='line_1_29' title="bbox 258 3361 1318 3430; baseline -0.001 -18"><span class='ocrx_word' id='word_1_251' title='bbox 258 3365 310 3421; x_wconf 76' lang='lat' dir='ltr'><strong>tx,</strong></span> <span class='ocrx_word' id='word_1_252' title='bbox 325 3362 374 3423; x_wconf 79' lang='lat' dir='ltr'><strong>ad,</strong></span> <span class='ocrx_word' id='word_1_253' title='bbox 385 3378 410 3412; x_wconf 88' lang='lat' dir='ltr'><strong>n.</strong></span> <span class='ocrx_word' id='word_1_254' title='bbox 429 3362 764 3430; x_wconf 66' lang='lat' dir='ltr'><strong>5.-1.egtsusimrm5a-</strong></span> <span class='ocrx_word' id='word_1_255' title='bbox 809 3362 1001 3425; x_wconf 76' lang='lat' dir='ltr'><strong>dijudicandam,</strong></span> <span class='ocrx_word' id='word_1_256' title='bbox 1020 3375 1045 3413; x_wconf 80' lang='lat' dir='ltr'><strong>st</strong></span> <span class='ocrx_word' id='word_1_257' title='bbox 1061 3364 1120 3412; x_wconf 87' lang='lat' dir='ltr'><strong>hino</strong></span> <span class='ocrx_word' id='word_1_258' title='bbox 1140 3361 1169 3414; x_wconf 82' lang='lat' dir='ltr'><strong>in</strong></span> <span class='ocrx_word' id='word_1_259' title='bbox 1182 3379 1318 3429; x_wconf 78' lang='lat' dir='ltr'><strong>parumper</strong></span> 
     </span>
     <span class='ocr_line' id='line_1_30' title="bbox 258 3440 1315 3507; baseline 0.002 -19"><span class='ocrx_word' id='word_1_260' title='bbox 258 3440 378 3499; x_wconf 67' lang='lat' dir='ltr'><strong>umido</strong></span> <span class='ocrx_word' id='word_1_261' title='bbox 389 3440 421 3490; x_wconf 81' lang='lat' dir='ltr'><strong>rd</strong></span> <span class='ocrx_word' id='word_1_262' title='bbox 437 3441 560 3502; x_wconf 71' lang='lat' dir='ltr'><strong>xxvm,</strong></span> <span class='ocrx_word' id='word_1_263' title='bbox 578 3442 622 3500; x_wconf 81' lang='lat'><strong>50,</strong></span> <span class='ocrx_word' id='word_1_264' title='bbox 635 3458 660 3488; x_wconf 91' lang='lat' dir='ltr'><strong>n.</strong></span> <span class='ocrx_word' id='word_1_265' title='bbox 677 3449 702 3496; x_wconf 71' lang='grc' dir='ltr'><strong>ι.</strong></span> <span class='ocrx_word' id='word_1_266' title='bbox 716 3445 766 3489; x_wconf 67' lang='lat' dir='ltr'><strong>Dea</strong></span> <span class='ocrx_word' id='word_1_267' title='bbox 808 3441 882 3490; x_wconf 76' lang='lat' dir='ltr'><strong>latere</strong></span> <span class='ocrx_word' id='word_1_268' title='bbox 895 3441 996 3490; x_wconf 76' lang='lat' dir='ltr'><strong>lomere</strong></span> <span class='ocrx_word' id='word_1_269' title='bbox 1011 3443 1127 3506; x_wconf 78' lang='lat' dir='ltr'><strong>putabam</strong></span> <span class='ocrx_word' id='word_1_270' title='bbox 1133 3457 1181 3507; x_wconf 80' lang='lat' dir='ltr'><strong>pro</strong></span> <span class='ocrx_word' id='word_1_271' title='bbox 1192 3454 1315 3507; x_wconf 71' lang='lat' dir='ltr'><strong>tempore,</strong></span> 
     </span>
     <span class='ocr_line' id='line_1_31' title="bbox 254 3517 1317 3586; baseline 0.006 -21"><span class='ocrx_word' id='word_1_272' title='bbox 254 3517 335 3582; x_wconf 73' lang='lat' dir='ltr'><strong>ferre,</strong></span> <span class='ocrx_word' id='word_1_273' title='bbox 347 3519 599 3584; x_wconf 59' lang='lat' dir='ltr'><strong>interrogandum</strong></span> <span class='ocrx_word' id='word_1_274' title='bbox 607 3527 765 3586; x_wconf 64' lang='lat' dir='ltr'><strong>aspamam,</strong></span> <span class='ocrx_word' id='word_1_275' title='bbox 808 3520 833 3568; x_wconf 86' lang='lat' dir='ltr'><strong>lr.</strong></span> <span class='ocrx_word' id='word_1_276' title='bbox 851 3536 873 3570; x_wconf 81' lang='lat' dir='ltr'><strong>e.</strong></span> <span class='ocrx_word' id='word_1_277' title='bbox 892 3535 940 3584; x_wconf 82' lang='lat' dir='ltr'><strong>pro</strong></span> <span class='ocrx_word' id='word_1_278' title='bbox 958 3529 985 3568; x_wconf 78' lang='lat' dir='ltr'><strong>rt</strong></span> <span class='ocrx_word' id='word_1_279' title='bbox 1000 3521 1040 3569; x_wconf 74' lang='lat' dir='ltr'><strong>vel</strong></span> <span class='ocrx_word' id='word_1_280' title='bbox 1052 3537 1124 3570; x_wconf 74' lang='lat' dir='ltr'><strong>eausa</strong></span> <span class='ocrx_word' id='word_1_281' title='bbox 1140 3532 1275 3585; x_wconf 62' lang='lat' dir='ltr'><strong>presente,</strong></span> <span class='ocrx_word' id='word_1_282' title='bbox 1288 3532 1317 3570; x_wconf 84' lang='lat' dir='ltr'><strong>ut</strong></span> 
     </span>
     <span class='ocr_line' id='line_1_32' title="bbox 259 3597 1316 3664; baseline -0.001 -15"><span class='ocrx_word' id='word_1_283' title='bbox 259 3612 293 3649; x_wconf 80' lang='lat' dir='ltr'><strong>sc.</strong></span> <span class='ocrx_word' id='word_1_284' title='bbox 312 3597 411 3655; x_wconf 76' lang='lat' dir='ltr'><strong>debuit,</strong></span> <span class='ocrx_word' id='word_1_285' title='bbox 433 3597 537 3646; x_wconf 74' lang='lat' dir='ltr'><strong>uidebat</strong></span> <span class='ocrx_word' id='word_1_286' title='bbox 556 3598 639 3662; x_wconf 69' lang='lat' dir='ltr'><strong>Sigon.</strong></span> <span class='ocrx_word' id='word_1_287' title='bbox 662 3598 692 3647; x_wconf 90' lang='lat' dir='ltr'><strong>ld</strong></span> <span class='ocrx_word' id='word_1_288' title='bbox 713 3615 766 3647; x_wconf 85' lang='lat' dir='ltr'><strong>non</strong></span> <span class='ocrx_word' id='word_1_289' title='bbox 808 3615 833 3648; x_wconf 81' lang='lat' dir='ltr'><strong>r.</strong></span> <span class='ocrx_word' id='word_1_290' title='bbox 846 3611 868 3648; x_wconf 83' lang='lat' dir='ltr'><strong>e.</strong></span> <span class='ocrx_word' id='word_1_291' title='bbox 879 3599 945 3664; x_wconf 80' lang='lat' dir='ltr'><strong>nputl</strong></span> <span class='ocrx_word' id='word_1_292' title='bbox 958 3601 1018 3648; x_wconf 74' lang='lat' dir='ltr'><strong>Ces.</strong></span> <span class='ocrx_word' id='word_1_293' title='bbox 1031 3599 1091 3649; x_wconf 85' lang='lat' dir='ltr'><strong>Bell.</strong></span> <span class='ocrx_word' id='word_1_294' title='bbox 1102 3600 1165 3648; x_wconf 83' lang='lat' dir='ltr'><strong>Gall.</strong></span> <span class='ocrx_word' id='word_1_295' title='bbox 1174 3599 1207 3659; x_wconf 78' lang='lat' dir='ltr'><strong>V,</strong></span> <span class='ocrx_word' id='word_1_296' title='bbox 1217 3597 1244 3660; x_wconf 77' lang='lat'><strong>8,</strong></span> <span class='ocrx_word' id='word_1_297' title='bbox 1258 3615 1316 3648; x_wconf 73' lang='lat' dir='ltr'><strong>ooo-</strong></span> 
     </span>
     <span class='ocr_line' id='line_1_33' title="bbox 259 3675 1316 3744; baseline 0.001 -18"><span class='ocrx_word' id='word_1_298' title='bbox 259 3676 481 3726; x_wconf 82' lang='lat' dir='ltr'><strong>ceutemnsndunr:</strong></span> <span class='ocrx_word' id='word_1_299' title='bbox 505 3675 549 3724; x_wconf 81' lang='lat' dir='ltr'><strong>ssd</strong></span> <span class='ocrx_word' id='word_1_300' title='bbox 572 3676 677 3743; x_wconf 57' lang='lat' dir='ltr'><strong>deferret</strong></span> <span class='ocrx_word' id='word_1_301' title='bbox 702 3678 766 3728; x_wconf 79' lang='lat' dir='ltr'><strong>torte</strong></span> <span class='ocrx_word' id='word_1_302' title='bbox 808 3677 888 3726; x_wconf 80' lang='lat' dir='ltr'><strong>silium</strong></span> <span class='ocrx_word' id='word_1_303' title='bbox 901 3693 1043 3743; x_wconf 66' lang='lat' dir='ltr'><strong>caperem</strong></span> <span class='ocrx_word' id='word_1_304' title='bbox 1059 3691 1179 3744; x_wconf 63' lang='lat' dir='ltr'><strong>tempas,</strong></span> <span class='ocrx_word' id='word_1_305' title='bbox 1192 3677 1217 3728; x_wconf 79' lang='lat' dir='ltr'><strong>li.</strong></span> <span class='ocrx_word' id='word_1_306' title='bbox 1231 3697 1253 3728; x_wconf 79' lang='lat' dir='ltr'><strong>e.</strong></span> <span class='ocrx_word' id='word_1_307' title='bbox 1269 3692 1316 3744; x_wconf 87' lang='lat' dir='ltr'><strong>pro</strong></span> 
     </span>
     <span class='ocr_line' id='line_1_34' title="bbox 258 3755 1166 3821; baseline 0 -15"><span class='ocrx_word' id='word_1_308' title='bbox 258 3772 304 3820; x_wconf 87' lang='lat' dir='ltr'><strong>pro</strong></span> <span class='ocrx_word' id='word_1_309' title='bbox 323 3755 418 3821; x_wconf 72' lang='lat' dir='ltr'><strong>desem</strong></span> <span class='ocrx_word' id='word_1_310' title='bbox 432 3756 552 3819; x_wconf 79' lang='lat' dir='ltr'><strong>potuisset</strong></span> <span class='ocrx_word' id='word_1_311' title='bbox 568 3757 613 3804; x_wconf 75' lang='lat' dir='ltr'><strong>uel</strong></span> <span class='ocrx_word' id='word_1_312' title='bbox 631 3755 764 3816; x_wconf 56' lang='lat' dir='ltr'><strong>mouisset,</strong></span> <span class='ocrx_word' id='word_1_313' title='bbox 809 3773 835 3805; x_wconf 82' lang='lat' dir='ltr'><strong>re</strong></span> <span class='ocrx_word' id='word_1_314' title='bbox 847 3767 979 3821; x_wconf 72' lang='lat' dir='ltr'><strong>presente,</strong></span> <span class='ocrx_word' id='word_1_315' title='bbox 993 3756 1166 3806; x_wconf 62' lang='lat' dir='ltr'><strong>diciturnlln.</strong></span> 
     </span>
    </p>

    <p class='ocr_par' dir='ltr' id='par_1_4' title="bbox 259 3834 1318 4217">
     <span class='ocr_line' id='line_1_35' title="bbox 260 3834 1314 3900; baseline 0.001 -18"><span class='ocrx_word' id='word_1_316' title='bbox 260 3836 330 3885; x_wconf 82' lang='lat' dir='ltr'><strong>etsie</strong></span> <span class='ocrx_word' id='word_1_317' title='bbox 342 3834 552 3893; x_wconf 71' lang='lat' dir='ltr'><strong>oetmsDuker.</strong></span> <span class='ocrx_word' id='word_1_318' title='bbox 565 3836 767 3900; x_wconf 77' lang='lat' dir='ltr'><strong>Liviueprimurn</strong></span> <span class='ocrx_word' id='word_1_319' title='bbox 845 3837 871 3884; x_wconf 78' lang='lat'><strong>³.</strong></span> <span class='ocrx_word' id='word_1_320' title='bbox 891 3838 983 3882; x_wconf 73' lang='grc' dir='ltr'><strong>Ριιναηι</strong></span> <span class='ocrx_word' id='word_1_321' title='bbox 1005 3835 1124 3894; x_wconf 72' lang='lat' dir='ltr'><strong>atteram,</strong></span> <span class='ocrx_word' id='word_1_322' title='bbox 1149 3847 1198 3885; x_wconf 82' lang='lat' dir='ltr'><strong>stc.</strong></span> <span class='ocrx_word' id='word_1_323' title='bbox 1218 3837 1314 3900; x_wconf 85' lang='lat' dir='ltr'><strong>potins,</strong></span> 
     </span>
     <span class='ocr_line' id='line_1_36' title="bbox 260 3913 1317 3980; baseline -0.001 -18"><span class='ocrx_word' id='word_1_324' title='bbox 260 3913 322 3962; x_wconf 81' lang='lat' dir='ltr'><strong>dixit</strong></span> <span class='ocrx_word' id='word_1_325' title='bbox 330 3913 545 3978; x_wconf 77' lang='lat' dir='ltr'><strong>impediredebut&#39;t,</strong></span> <span class='ocrx_word' id='word_1_326' title='bbox 554 3913 642 3963; x_wconf 77' lang='lat' dir='ltr'><strong>deindo</strong></span> <span class='ocrx_word' id='word_1_327' title='bbox 652 3914 766 3980; x_wconf 77' lang='lat' dir='ltr'><strong>deferret,</strong></span> <span class='ocrx_word' id='word_1_328' title='bbox 808 3931 857 3962; x_wconf 74' lang='lat' dir='ltr'><strong>nun</strong></span> <span class='ocrx_word' id='word_1_329' title='bbox 878 3921 938 3962; x_wconf 74' lang='lat' dir='ltr'><strong>tooe</strong></span> <span class='ocrx_word' id='word_1_330' title='bbox 955 3915 1110 3978; x_wconf 68' lang='lat' dir='ltr'><strong>transposita,</strong></span> <span class='ocrx_word' id='word_1_331' title='bbox 1130 3915 1234 3964; x_wconf 74' lang='lat' dir='ltr'><strong>atteram</strong></span> <span class='ocrx_word' id='word_1_332' title='bbox 1256 3916 1317 3963; x_wconf 53' lang='lat' dir='ltr'><strong>int*</strong></span> 
     </span>
     <span class='ocr_line' id='line_1_37' title="bbox 261 3989 1318 4060; baseline 0 -20"><span class='ocrx_word' id='word_1_333' title='bbox 261 4001 308 4040; x_wconf 77' lang='lat' dir='ltr'><strong>etc.</strong></span> <span class='ocrx_word' id='word_1_334' title='bbox 320 3992 388 4055; x_wconf 86' lang='lat' dir='ltr'><strong>quod</strong></span> <span class='ocrx_word' id='word_1_335' title='bbox 399 3989 552 4042; x_wconf 67' lang='lat' dir='ltr'><strong>soluendum</strong></span> <span class='ocrx_word' id='word_1_336' title='bbox 563 3992 594 4040; x_wconf 85' lang='lat' dir='ltr'><strong>ad</strong></span> <span class='ocrx_word' id='word_1_337' title='bbox 608 3993 765 4042; x_wconf 82' lang='lat' dir='ltr'><strong>eonsuetudi-</strong></span> <span class='ocrx_word' id='word_1_338' title='bbox 806 3992 896 4058; x_wconf 65' lang='lat' dir='ltr'><strong>prioris</strong></span> <span class='ocrx_word' id='word_1_339' title='bbox 904 3991 995 4058; x_wconf 73' lang='lat' dir='ltr'><strong>judieii</strong></span> <span class='ocrx_word' id='word_1_340' title='bbox 1012 4005 1037 4041; x_wconf 80' lang='lat' dir='ltr'><strong>et</strong></span> <span class='ocrx_word' id='word_1_341' title='bbox 1050 4007 1140 4058; x_wconf 73' lang='lat' dir='ltr'><strong>puram</strong></span> <span class='ocrx_word' id='word_1_342' title='bbox 1157 4009 1175 4040; x_wconf 88' lang='lat' dir='ltr'><em>a</em></span> <span class='ocrx_word' id='word_1_343' title='bbox 1183 3993 1274 4060; x_wconf 78' lang='lat' dir='ltr'><strong>favere</strong></span> <span class='ocrx_word' id='word_1_344' title='bbox 1292 4003 1318 4040; x_wconf 82' lang='lat' dir='ltr'><strong>et</strong></span> 
     </span>
     <span class='ocr_line' id='line_1_38' title="bbox 259 4071 1317 4135; baseline 0.002 -19"><span class='ocrx_word' id='word_1_345' title='bbox 259 4084 315 4116; x_wconf 81' lang='lat' dir='ltr'><strong>nem</strong></span> <span class='ocrx_word' id='word_1_346' title='bbox 332 4071 383 4131; x_wconf 78' lang='lat' dir='ltr'><strong>ejus</strong></span> <span class='ocrx_word' id='word_1_347' title='bbox 400 4073 534 4120; x_wconf 79' lang='lat' dir='ltr'><strong>orationem</strong></span> <span class='ocrx_word' id='word_1_348' title='bbox 553 4071 678 4131; x_wconf 74' lang='lat' dir='ltr'><strong>vadondi3</strong></span> <span class='ocrx_word' id='word_1_349' title='bbox 690 4073 766 4122; x_wconf 71' lang='lat' dir='ltr'><strong>Drak-</strong></span> <span class='ocrx_word' id='word_1_350' title='bbox 809 4072 884 4130; x_wconf 59' lang='lat' dir='ltr'><strong>odim·</strong></span> <span class='ocrx_word' id='word_1_351' title='bbox 894 4071 968 4120; x_wconf 77' lang='lat' dir='ltr'><strong>unt.</strong></span> <span class='ocrx_word' id='word_1_352' title='bbox 982 4099 1017 4108; x_wconf 85' lang='lat'>-</span> <span class='ocrx_word' id='word_1_353' title='bbox 1031 4071 1107 4135; x_wconf 77' lang='lat' dir='ltr'><strong>Apud</strong></span> <span class='ocrx_word' id='word_1_354' title='bbox 1122 4071 1263 4119; x_wconf 65' lang='lat' dir='ltr'><strong>werdonem</strong></span> <span class='ocrx_word' id='word_1_355' title='bbox 1279 4083 1317 4118; x_wconf 85' lang='lat' dir='ltr'><strong>to-</strong></span> 
     </span>
     <span class='ocr_line' id='line_1_39' title="bbox 259 4149 1315 4217; baseline 0 -19"><span class='ocrx_word' id='word_1_356' title='bbox 259 4174 293 4186; x_wconf 89' lang='lat'><em>-</em></span> <span class='ocrx_word' id='word_1_357' title='bbox 305 4150 373 4198; x_wconf 84' lang='lat' dir='ltr'><strong>Dtuu</strong></span> <span class='ocrx_word' id='word_1_358' title='bbox 393 4150 453 4200; x_wconf 76' lang='lat' dir='ltr'><strong>mitt</strong></span> <span class='ocrx_word' id='word_1_359' title='bbox 468 4149 558 4214; x_wconf 79' lang='lat' dir='ltr'><strong>aliquis</strong></span> <span class='ocrx_word' id='word_1_360' title='bbox 574 4151 701 4200; x_wconf 68' lang='lat' dir='ltr'><strong>conciones</strong></span> <span class='ocrx_word' id='word_1_361' title='bbox 717 4169 765 4215; x_wconf 82' lang='lat' dir='ltr'><strong>pa·</strong></span> <span class='ocrx_word' id='word_1_362' title='bbox 808 4163 897 4216; x_wconf 64' lang='lat' dir='ltr'><strong>getam</strong></span> <span class='ocrx_word' id='word_1_363' title='bbox 916 4150 992 4215; x_wconf 85' lang='lat' dir='ltr'><strong>(vide</strong></span> <span class='ocrx_word' id='word_1_364' title='bbox 1002 4149 1033 4199; x_wconf 86' lang='lat' dir='ltr'><strong>ed</strong></span> <span class='ocrx_word' id='word_1_365' title='bbox 1045 4153 1094 4212; x_wconf 89' lang='lat'>111,</span> <span class='ocrx_word' id='word_1_366' title='bbox 1112 4151 1160 4211; x_wconf 72' lang='lat'><strong>50,</strong></span> <span class='ocrx_word' id='word_1_367' title='bbox 1173 4165 1198 4198; x_wconf 85' lang='lat' dir='ltr'><strong>n.</strong></span> <span class='ocrx_word' id='word_1_368' title='bbox 1212 4150 1237 4217; x_wconf 87' lang='lat' dir='ltr'><strong>r)</strong></span> <span class='ocrx_word' id='word_1_369' title='bbox 1251 4161 1276 4198; x_wconf 82' lang='lat' dir='ltr'><strong>et</strong></span> <span class='ocrx_word' id='word_1_370' title='bbox 1291 4167 1315 4198; x_wconf 87' lang='lat' dir='ltr'><strong>u.</strong></span> 
     </span>
    </p>
   </div>
   <div class='ocr_carea' id='block_1_3' title="bbox 0 0 1495 4712">
    <p class='ocr_par' dir='ltr' id='par_1_5' title="bbox 0 0 1495 4712">
     <span class='ocr_line' id='line_1_40' title="bbox 0 0 1495 4712; baseline 0 0"><span class='ocrx_word' id='word_1_371' title='bbox 0 0 1495 4712; x_wconf 95' lang='lat' dir='ltr'><strong> </strong></span> 
     </span>
    </p>
   </div>
  </div>
 </body>
</html>
