2976 4712
260 378 329 459 412
661 380 914 484 uriroure

261 497 402 566 romani
426 496 565 583 civitas,
592 497 736 569 obsessa
760 515 886 570 ocuvo
910 523 1034 570 mense
1055 514 1158 596 capta
1181 515 1246 570 est.
1271 505 1324 570 De

262 604 395 702 quibus
419 606 558 700 injuriis
584 609 682 679 missi
707 609 812 706 legati
835 608 878 679 ad
904 607 1236 704 Carthaginienses,
1261 609 1324 704 qui

263 731 512 811 quererentur.
541 710 664 808 Quum
690 721 775 794 satis
802 715 917 790 facere
943 718 1101 804 nollent,
1123 717 1262 790 bellum
1283 720 1325 788 iis

261 827 437 897 indictum
460 843 523 898 est.
545 827 743 916 Hannibal,
762 843 932 927 superato
948 832 1118 924 Pyrenaeo
1134 827 1245 914 saltu,
1261 851 1328 924 per

264 936 415 1024 Gallias,
438 936 527 1010 fusis
551 938 710 1026 Volscis,
729 940 794 1035 qui
815 938 988 1010 obsistere
1005 939 1260 1022 conatierant,
1281 937 1326 1006 ad

263 1046 372 1143 Alpes
386 1050 500 1134 venit3
515 1062 551 1118 et
565 1047 746 1119 laborioso
760 1073 826 1146 per
840 1073 898 1120 eas
912 1049 1063 1120 transitu
1075 1047 1212 1145 (quum
1226 1072 1326 1119 mon-

264 1171 368 1226 tanos
382 1181 529 1254 quoque
544 1158 666 1230 Gallos
680 1158 809 1230 obvios
823 1158 961 1255 aliquot
973 1159 1103 1256 praeliis
1116 1157 1325 1261 repulisset)

263 1263 448 1338 descendit
462 1269 500 1336 in
515 1268 670 1351 Italiam,
690 1283 726 1341 et
740 1269 786 1340 ad
800 1269 966 1339 Ticinum
984 1293 1128 1340 amnem
1143 1273 1326 1340 Romanos

264 1378 421 1471 equestri
440 1377 564 1475 praelio
584 1376 676 1449 fudit
694 1405 701 1446 :
725 1381 763 1448 in
786 1403 861 1476 quo
883 1379 1109 1450 vulneratum
1132 1383 1167 1448 Ρ.
1189 1383 1325 1450 Corne·

262 1487 352 1556 lium
379 1489 582 1586 Scipionem
609 1491 767 1587 protexit
795 1487 907 1577 filius,
937 1491 1000 1586 qui
1021 1487 1178 1559 Africani
1202 1503 1327 1586 postea

264 1621 398 1666 nomen
425 1601 572 1696 accepit.
599 1604 809 1696 Iterumque
835 1601 995 1672 exercitu
1019 1623 1169 1670 romano
1185 1598 1240 1670 ‚ad
1261 1599 1326 1668 flu-

264 1731 348 1777 men
374 1707 537 1780 Trebiam
564 1708 666 1796 fuso,
694 1708 872 1779 Hannibal
901 1711 1130 1807 Apenninum
1158 1733 1326 1806 quoque,

266 1841 519 1914 permagnam
546 1821 702 1891 militum
727 1821 951 1890 vexationem
974 1834 1123 1916 propter
1146 1822 1218 1888 vim
1237 1835 1327 1890 tem-

266 1940 466 2023 pestatum,
483 1932 621 2001 transiit
632 1941 659 2000 ².
680 1931 744 2000 Cn.
765 1929 952 2001 Cornelius
972 1929 1090 2025 Scipio
1107 1931 1146 1998 in
1160 1928 1328 2025 Hispania

266 2051 391 2110 contra
411 2043 541 2110 Poenos
558 2063 732 2137 prospere
751 2039 939 2144 pugnavit,
960 2036 1051 2112 duce
1074 2037 1236 2113 hostium
1252 2041 1327 2108 Ma·

266 2171 359 2243 gone
380 2145 518 2249 capto³.

527 2378 753 2446 EPlTOME
782 2380 917 2447 LIBRI
944 2381 1069 2448 XXII.

316 2535 510 2651 Hannibal,
527 2592 592 2665 per
607 2571 796 2640 continuas
809 2569 945 2666 vigilias
962 2572 998 2639 in
1014 2569 1209 2667 paludibus
1224 2571 1329 2641 oculo

183 2679 185 2691 '
266 2678 417 2760 amisso,
435 2680 532 2749 venit
550 2680 591 2782 iu¹
608 2681 786 2750 Etruriam
804 2705 811 2749 :
831 2705 897 2778 per
917 2705 1006 2777 quas
1026 2678 1176 2776 paludes
1196 2681 1328 2775 quatri-

269 2786 342 2856 duo
373 2801 407 2856 et
436 2786 550 2858 tribus
577 2788 747 2860 noctibus
778 2791 853 2860 sine
883 2789 955 2859 ulla
985 2789 1109 2884 requie
1138 2790 1207 2858 iter
1234 2787 1328 2858 fecit.

270 2900 307 2966 G.
327 2896 520 2968 Flaminius
537 2900 680 2988 consul,
699 2899 811 2972 homo
832 2898 1057 2985 temerarius,
1077 2914 1203 2969 contra
1217 2900 1331 2995 auspi-

268 3010 320 3077 cia
335 3007 539 3105 proiectus,
553 3012 661 3108 signis
675 3008 889 3082 militaribus
903 3007 1058 3096 effossis,
1072 3035 1153 3105 quae
1165 3009 1242 3079 tolli
1256 3034 1330 3078 uon

268 3132 454 3212 poterant,
471 3133 507 3189 et
522 3118 567 3189 ab
584 3144 697 3220 equ0,
716 3144 827 3217 quem
844 3116 1120 3206 conscenderat,
1142 3143 1208 3214 per
1223 3132 1332 3214 caput

269 3225 480 3314 devolutus,
507 3228 644 3304 insidiis
673 3228 718 3298 ab
745 3227 945 3300 Hannibale
971 3228 1257 3313 circumventus,
1287 3227 1331 3296 ad

269 3339 517 3408 Trasimenum
537 3338 654 3410 lacum
672 3361 755 3409 cum
772 3338 931 3410 exercitu
950 3361 1061 3410 caesus
1080 3349 1145 3407 est.
1164 3341 1233 3408 Sex
1250 3336 1332 3409 mil-

271 3575 320 3626 tur,
330 3577 359 3612 ut
371 3566 403 3613 ita
417 3566 544 3630 loquatur,
558 3569 627 3630 quod
636 3568 677 3615 alii
687 3569 782 3616 luerint
858 3583 883 3615 a.
893 3566 1020 3614 Hannibal
1030 3563 1182 3629 Apenninum
1191 3580 1302 3628 quoque.
1309 3597 1328 3610 ..

201 3681 204 3688 .
268 3641 333 3691 Galli
346 3656 412 3692 extra
422 3645 526 3692 Italiam.
535 3647 629 3694 Bellum
638 3662 696 3694 vero
706 3648 779 3693 Puni·
823 3645 933 3701 transiit,·
946 3661 1000 3693 eum
1010 3644 1037 3692 id
1046 3645 1134 3692 frustra
1146 3653 1251 3691 tentasse
1259 3641 1334 3692 tradit

270 3725 382 3781 catull,
409 3723 480 3770 simul
500 3725 527 3772 in
549 3725 778 3790 Italia,Hlspania,
822 3724 1150 3786 Ltv.xx1,5a,59.-
1172 3724 1209 3769 De
1230 3723 1334 3769 transitu

271 3800 347 3848 Gallia
362 3813 386 3850 et
398 3802 478 3857 Sicilia
492 3815 575 3852 ortum
589 3816 723 3852 monet.·-
735 3803 780 3851 Ob·
823 3802 962 3867 Apennini,
981 3801 1031 3848 vid.
1044 3803 1106 3850 Exc.
1119 3799 1151 3848 ad
1160 3800 1251 3848 calcem
1261 3801 1334 3860 hujus

268 3893 333 3927 sessa
353 3894 437 3930 octavo
458 3899 539 3932 mense
561 3896 635 3948 capta
657 3895 709 3941 est,-
729 3900 780 3930 vox
823 3881 968 3940 voluminis3
981 3879 1039 3928 hinc
1057 3895 1120 3928 nova
1137 3880 1181 3926 lux
1197 3879 1256 3926 huie
1277 3880 1335 3927 loeo

270 3957 365 4006 obsessa
381 3960 407 4008 in
426 3963 547 4012 veteribus
566 3963 716 4010 editionibus
737 3961 779 4008 de·
823 3960 933 4008 nondum
947 3960 1072 4008 intellecto
1082 3959 1171 4006 veniet.
1189 3960 1237 4007 un.

271 4046 321 4092 cst,
341 4040 422 4086 sedin
436 4041 580 4088 membranis
589 4057 659 4104 paene
668 4040 780 4088 omnibus
860 4039 883 4086 3.
904 4042 971 4087 Duce
989 4037 1094 4085 bostium
1117 4039 1222 4101 Mergane
1243 4049 1335 4100 capto,·

272 4116 391 4188 emutuit,
405 4117 507 4168 testibus
518 4119 601 4167 Delrio
612 4131 636 4166 et
647 4119 721 4168 Drak.
734 4123 778 4168 Eu.
825 4118 880 4168 vide
892 4118 922 4167 atl
936 4119 988 4168 Liv.
1002 4117 1081 4176 xxi,
1102 4119 1154 4174 60,
1170 4133 1195 4162 u.
1204 4117 1228 4162 5.
