2972 4720
198 399 264 502 332:
277 413 324 501 2313
366 421 456 488 trs.
482 385 601 485 {xm
629 413 1110 486 CAP.xxV111.xx1x.
1183 417 1231 512 49

172 540 281 613 verba
297 537 434 636 Lepido
452 535 624 635 pontifice
643 537 817 623 maximo,
836 533 873 605 id
888 550 1012 606 votum
1027 551 1231 636 susceptum

172 665 237 720 est.
264 653 316 719 Eo
342 672 437 718 anno
462 639 661 717 sacerdotes
685 644 821 742 publici
845 649 994 732 mortui,
1011 652 1049 717 L.·
1071 642 1231 718 AEmilius

171 765 288 856 Papus
303 757 482 828 decemvir
498 777 679 827 sacrorum
690 757 706 843 ,'
715 769 751 826 et
764 756 808 844 Q.
823 755 967 854 Fulvius
981 754 1126 826 Flaccus
1140 780 1229 853 pon-

171 867 275 955 tifex,
292 869 356 964 qui
371 869 491 965 priore
509 885 604 936 anno
626 859 742 936 fuerat
761 885 906 957 censor3¹
927 864 985 936 hic
1003 862 1100 937 foeda
1114 881 1231 936 morte

171 979 287 1075 periit.
306 983 359 1048 Ex
377 974 521 1047 duobus
540 974 623 1046 filiis
642 974 740 1069 ejus,
760 976 914 1071 quitum
927 976 965 1044 in
979 976 1121 1072 Illyrico
1134 977 1231 1047 mili·
1265 1057 1267 1064 ¹

171 1087 316 1176 tabant,
337 1087 541 1158 nuntiatum
561 1086 712 1157 alterum
735 1083 942 1171 decessisse,
967 1080 1117 1156 alterum
1134 1090 1231 1186 gravi

172 1213 208 1269 et
227 1196 429 1295 periculoso
450 1193 580 1266 morbo
600 1218 733 1293 aegrum
754 1217 840 1266 esse.
864 1192 996 1264 Obruit
1013 1196 1173 1266 animum
1187 1198 1232 1266 si-

76 1389 78 1394 ,
170 1306 246 1377 mul
265 1307 383 1377 luctus
402 1321 614 1401 metusque·
636 1328 741 1374 mane
754 1304 904 1402 ingressr
894 1302 1125 1374 cubiculum
1140 1307 1232 1375 servi

171 1417 301 1512 laqueo
321 1413 608 1524 dependentem
599 1435 777 1484 1nvenere
791 1418 876 1483 Erat
893 1413 1036 1510 opinio,
1048 1428 1133 1510 post
1145 1437 1228 1485 cen-

171 1551 287 1598 suram
300 1525 419 1596 minus
434 1539 640 1620 compotem
658 1515 770 1594 fuisse
781 1525 859 1593 sui:
874 1522 984 1617 vulgo
998 1527 1017 1592 J
1018 1546 1149 1593 unonrs
1162 1528 1230 1594 La·

67 1637 68 1640 ’
170 1636 268 1706 ciniae
283 1629 395 1704 iram⁸
414 1631 463 1702 ob
484 1632 677 1728 spoliatum
695 1630 868 1727 templum
888 1630 1057 1702 alienasse
1072 1647 1230 1704 mentem

170 1743 344 1816 ferebant.
367 1739 543 1814 Suffectus
563 1741 601 1809 in
621 1737 750 1811 AEmilii
769 1739 891 1810 locum
904 1740 1083 1813 decemvir
1100 1747 1148 1813 M.
1163 1748 1231 1813 Va-

170 1853 279 1923 lerius
290 1851 467 1935 Messalla;
489 1853 526 1921 in
545 1848 658 1920 Fulvii
674 1847 837 1946 pontifex
859 1853 923 1920 Cn.
940 1852 1119 1923 Domitius
1133 1852 1229 1923 Ahe-

170 1961 383 2050 nobarbus,
394 1960 531 2059 oppido
549 1951 756 2030 adolescens
775 1958 940 2031 sacerdos
958 1959 1081 2032 lectus.

218 2077 344 2142 XXIX.
365 2074 401 2140 P.
421 2070 579 2158 Licinio,
601 2073 640 2140 C.
660 2069 780 2139 Cassio
799 2067 1028 2156 consulibus,
1048 2096 1123 2140 non
1141 2070 1230 2144 urbs

169 2196 308 2252 tantum
326 2185 460 2266 Roma,
480 2204 547 2250 nec
571 2194 665 2250 terra
687 2179 808 2266 Italia,
830 2178 891 2248 sed
914 2201 1039 2251 omnes
1058 2205 1159 2279 reges
1178 2184 1229 2253 ci·
1281 2171 1285 2178 ’

168 2294 388 2388 vitatesque,
416 2315 496 2387 quae
521 2291 558 2360 in
584 2294 749 2386 Europa,
775 2313 927 2384 quaeque
952 2291 990 2358 in
1008 2292 1089 2360 Asia
1107 2309 1227 2380 erant,

168 2416 419 2488 converterant
436 2403 574 2472 animos
590 2400 627 2469 in
648 2422 767 2470 curam
782 2396 1013 2470 Macedonici
1024 2423 1064 2470 ac
1076 2399 1228 2473 Romani

168 2508 264 2581 belli
284 2497 481 2580 Eumenem
499 2533 613 2608 quum
634 2522 737 2580 vetus
757 2506 881 2577 odium
902 2503 1225 2599 simulationum

168 2643 292 2690 recens
309 2620 380 2706 ira,
404 2619 504 2724 quod
526 2619 707 2691 scelere
676 2643 753 2714 ejus
771 2642 885 2716 prope
903 2633 945 2688 ut
966 2617 1129 2690 victima1
1150 2647 1226 2693 ma-

169 2744 283 2802 ctatus
300 2729 451 2828 Delphis
470 2745 570 2800 esset.
592 2729 747 2815 Prusiae,
768 2726 971 2823 Bithyniae
957 2753 1040 2816 rex,
1058 2744 1227 2803 statuerat

168 2838 345 2910 abstinere
364 2839 469 2908 armis
479 2853 745 2934 ,eventumque
762 2852 978 2933 exspectare.
1000 2843 1090 2910 Nam
1107 2865 1225 2939 neque

167 2973 235 3046 pro
248 2949 417 3017 Romanis
431 2971 468 3016 se
482 2971 626 3042 aequum
640 2970 785 3018 censere
797 2946 967 3017 adversus
980 2944 1126 3018 fratrem
1138 2976 1227 3022 uxo·

166 3057 238 3126 ris⁹
258 3036 355 3125 arrria
373 3053 482 3140 ferre3
501 3070 537 3125 et
556 3054 652 3152 apud
670 3059 797 3124 Persea
815 3055 988 3153 victorem
1002 3057 1142 3128 veniam
1159 3084 1226 3157 per

167 3187 329 3236 sororem
348 3161 608 3260 impetrabilem
625 3161 713 3232 fore.
732 3161 952 3250 Ariarathes,
970 3165 1223 3288 Cappadocum

168 3298 251 3360 rex,
276 3289 513 3372 praeterquam
523 3271 638 3369 quod
658 3272 827 3342 Romanis
845 3296 911 3342 suo
930 3275 1076 3346 nomine
1095 3269 1224 3352 auxilia

169 3384 347 3480 pollicitus
363 3397 458 3469 erat,
476 3407 521 3454 ex
536 3407 611 3479 quo
627 3397 681 3454 est
690 3382 837 3478 junctus
849 3379 1019 3454 Eumeni³
1036 3383 1223 3476 affinitate,

168 3495 205 3563 in
223 3495 343 3563 omnia
360 3491 445 3564 belli
461 3495 631 3591 pacisque
649 3517 687 3565 se
703 3493 965 3602 consociaverat
979 3495 1135 3567 consilia.
1153 3503 1223 3568 An·

204 3674 229 3721 8.
237 3671 339 3720 Junonis
349 3672 457 3720 Laciniae
466 3672 541 3730 iram,
550 3683 597 3722 etc.
606 3673 672 3720 conf.
717 3682 744 3718 ut
756 3670 857 3719 victima
864 3704 872 3728 ,
887 3682 932 3720 etc.
945 3673 1011 3720 conf.
1025 3683 1078 3738 cap.
1095 3675 1137 3734 15,
1153 3677 1184 3724 16
1197 3687 1221 3724 ct

167 3769 222 3815 cap.
235 3751 258 3800 3.
269 3749 438 3799 4=Atienasse
446 3763 547 3800 mentem
555 3771 566 3810 ,·
575 3750 631 3800 vide
640 3751 671 3798 ad
716 3758 758 3806 to.
771 3751 818 3798 Pro
835 3748 900 3816 ejus,
917 3750 985 3814 qnod
999 3766 1051 3800 non
1067 3751 1153 3812 lubet,
1171 3771 1223 3818 quo

168 3833 209 3890 X,
226 3845 273 3891 29,
289 3845 314 3878 u.
328 3845 349 3876 1.
359 3853 393 3866 »-
403 3829 535 3895 Sufflctus,
554 3841 600 3879 etc.
616 3829 672 3878 vide
717 3829 847 3887 referatur,
857 3828 904 3891 leg.
913 3829 995 3892 Rcrsei
1002 3864 1011 3887 ,
1022 3829 1060 3878 vel
1070 3843 1127 3893 post
1137 3831 1221 3879 stimu-

168 3907 200 3954 ad
209 3909 312 3966 XXIII,
327 3923 358 3955 21
367 3942 375 3967 ‚
384 3924 410 3957 n.
426 3907 449 3954 5.
462 3910 525 3958 Mox
537 3925 621 3956 vocem
635 3925 674 3956 sa·
718 3908 789 3956 labat
798 3907 875 3954 insere
886 3905 911 3953 in
924 3909 1030 3964 Persea5
1041 3907 1114 3956 Drck.

169 3983 253 4032 cordos
271 3985 397 4033 delendam
412 3985 504 4046 rideri,
512 3988 561 4048 jam
580 3985 675 4035 monuit
712 3997 714 4004 ⁴
754 3985 1018 4050 2.Adversusftatrem
1028 3987 1112 4034 uxcrr's
1124 3989 1223 4051 Persen

170 4064 268 4126 Circrcr.
696 4082 700 4090 ¹
718 4066 930 4130 rid.ccp.1a‚·n.
944 4081 965 4111 1.
1043 4069 1045 4074 ’

205 4141 262 4190 Cn.
274 4142 371 4191 XXIX.
386 4159 407 4191 1.
425 4143 517 4192 Scelere
535 4143 586 4206 ejus
599 4159 675 4207 prope
755 4145 778 4191 3.
791 4146 890 4210 Exque
904 4154 939 4192 est
949 4141 960 4208 (
970 4143 1032 4192 forte
1049 4157 1115 4204 erat,
1130 4145 1219 4212 em.)

271 4229 371 4297 Vm.
562 4263 563 4266 κ
1061 4233 1083 4314 a
