2984 4706
210 361 339 467 11ἐὲ1
409 381 1004 450 transmittentem.
1054 393 1056 398 ’
1168 381 1236 482 259

174 503 221 572 ¹in
243 501 402 584 tumulo,
424 517 592 598 vergente
617 505 655 570 in
678 499 899 572 occidentem
926 501 1128 572 hibernum.
1152 509 1238 576 Cin·

183 626 274 706 gunt
306 611 453 707 paludes
489 609 784 708 inexsuperabilis
820 610 1015 680 altitudinis
1032 627 1168 684 ‚aestate
1202 632 1238 686 et

183 719 320 805 hieme,
345 742 434 815 quas
458 735 702 815 restagnantes
726 718 860 795 faciunt
885 719 995 790 lacus,
1015 725 1058 789 ln
1079 723 1155 817 ipsa
1178 747 1237 820 pa·

183 827 288 916 lude,
308 855 380 926 qua
394 832 557 925 proxima
574 829 656 899 urbi
676 845 746 916 est,
761 829 862 900 uelut
878 827 993 898 insula
1010 831 1160 918 eminet,
1179 857 1239 930 ag-

183 941 283 1034 geri²
304 941 423 1036 operis
445 941 598 1035 ingentis
620 941 805 1037 imposita,
830 939 893 1034 qui
916 953 952 1008 et
976 961 1124 1009 murum
1136 945 1238 1012 susti-

183 1064 283 1134 neat,
312 1065 347 1120 et
376 1051 527 1121 humore
553 1049 772 1120 circumfusae
798 1048 938 1145 paludis
966 1045 1052 1118 nihil
1080 1050 1236 1123 laedatur.

182 1163 289 1231 Muro
310 1159 409 1229 urbis
432 1162 623 1254 conjuncta
648 1161 775 1257 procul
799 1159 964 1229 videtur:
986 1157 1096 1229 divisa
1115 1175 1168 1231 est
1185 1163 1239 1232 in-

182 1271 365 1340 termurali
386 1271 502 1353 amni,
518 1286 559 1372 'et
575 1270 699 1340 eadem
717 1283 827 1366 ponte
842 1270 984 1363 juncta3
1006 1282 1047 1342 ut
1068 1291 1155 1356 nec,
1173 1296 1238 1369 op-

183 1395 364 1476 pugnante
383 1396 548 1466 externo,
567 1379 701 1449 aditum
718 1378 764 1448 ab
781 1379 853 1449 ulla
872 1392 972 1474 parte
990 1375 1136 1472 habeat,
1155 1405 1239 1465 nec,

184 1491 213 1558 si
229 1513 338 1584 quem
353 1488 404 1558 ibi
417 1514 479 1560 rex
500 1487 677 1576 includat,
696 1489 811 1558 ullum
828 1489 896 1558 nisi
913 1510 978 1589 per
996 1481 1169 1558 facillimae
1184 1493 1240 1560 cu-

183 1598 306 1669 stodiae
320 1614 466 1696 pontem
482 1596 668 1694 effugium.
682 1604 727 1668 Et
739 1622 823 1694 gaza
833 1599 929 1694 regia
942 1599 979 1666 in
995 1623 1039 1668 eo
1053 1599 1238 1692 loco‘erat:

184 1707 247 1779 scd
262 1722 340 1778 tum
358 1708 446 1777 nihil
462 1723 589 1804 praeter
602 1723 760 1778 trecenta
775 1708 922 1794 talenta,
941 1733 1020 1804 quae
1033 1709 1138 1780 missa
1151 1715 1241 1781 Gen·

184 1819 235 1887 tio
258 1819 352 1912 regi,
376 1817 505 1888 deinde
531 1831 670 1887 retenta
691 1816 851 1902 fuerant,
874 1819 1057 1886 inventum
1086 1833 1149 1888 est.
1173 1823 1240 1889 Per

184 1952 277 2023 quos
300 1927 374 1997 dies
399 1927 442 1996 ad
464 1927 595 1998 Pellam
622 1929 744 1998 stativa
768 1924 933 2012 fuerunt,
956 1926 1148 2020 legationes
1168 1925 1239 1998 fre-

183 2050 354 2131 quentes,
377 2060 456 2130 quae
475 2036 519 2105 ad
537 2037 786 2132 gratulandum
807 2051 1068 2123 convenerant,
1087 2039 1239 2109 maxime

184 2170 229 2215 ex
239 2145 433 2232 Thessalia,
446 2144 572 2216 auditae
585 2162 679 2216 sunt.
693 2146 829 2217 Nuntio
844 2145 971 2215 deinde
984 2161 1147 2242 accepto,
1163 2150 1240 2217 Per·

184 2278 242 2324 sea
261 2254 525 2324 Samothracam
547 2257 745 2350 trajecisse,
766 2253 947 2351 profectus
965 2279 985 2324 a
1002 2255 1096 2326 Pella
1112 2258 1238 2328 consul

183 2466 290 2514 ctionem
301 2477 440 2514 constanter
448 2477 544 2514 servant
553 2467 609 2514 edd.
622 2467 687 2530 prio·
732 2466 771 2512 hic
784 2483 813 2514 co
826 2483 896 2514 sensu
913 2466 1017 2513 insulam
1033 2470 1142 2531 usurpari
1155 2470 1239 2517 existi·

183 2561 230 2591 res.
244 2544 288 2592 En.
299 2571 334 2580 ··-
346 2544 470 2592 Delectam
484 2560 533 2591 esse
543 2544 634 2608 regiam
644 2544 688 2590 ad·
731 2557 796 2601 mat,
810 2561 859 2608 quo
878 2561 922 2609 per
940 2542 993 2593 eam
1011 2561 1095 2593 vocem
1115 2547 1238 2594 interdum

184 2621 254 2670 vertit
268 2621 334 2686 (n‘d'e
350 2622 382 2669 ad
401 2624 495 2682 XXIV,
518 2624 562 2680 48,
575 2640 601 2669 n.
620 2639 650 2679 a,
665 2633 688 2668 et
731 2624 875 2686 intelligitur
884 2640 973 2687 corpas
987 2624 1109 2686 quoddam
1123 2625 1239 2674 aedificio-

183 2703 293 2759 XXXV,
321 2703 367 2760 13,
386 2717 411 2748 n.
431 2699 469 2765 4),
488 2701 544 2764 quia
565 2701 689 2748 amoenitas
731 2719 784 2748 rum
798 2703 861 2750 inter
873 2717 898 2748 se
913 2702 1125 2764 cohaerentium,a
1141 2704 1238 2768 reliquis

184 2790 285 2828 certaret
302 2797 357 2828 oum
369 2780 518 2835 munitione3
531 2779 689 2828 Grae-nita
732 2779 839 2828 aedificiis
858 2780 961 2827 divisum
983 2797 1027 2842 per
1046 2780 1128 2836 visos,
1149 2783 1238 2844 quibus

184 2869 219 2906 est
231 2857 256 2904 in
270 2860 377 2914 tumulo,
391 2869 437 2905 etc.
448 2858 499 2906 vid.
514 2859 643 2922 spanhem,
658 2857 689 2904 ad
730 2859 838 2921 undique
863 2859 985 2921 cingitur,
1007 2857 1140 2920 praesertim
1163 2875 1238 2920 quum

183 2937 277 2985 Juliani
290 2939 350 2988 Caes.
363 2938 389 2985 in
404 2936 500 2985 Probat.
515 2951 570 3000 pag.
586 2943 642 2990 too.
656 2961 689 2972 —-
718 2925 811 2983 vLivius
826 2937 922 2994 doceat,
938 2952 963 2982 se
985 2934 1014 2981 de
1032 2933 1137 2982 aedificio
1152 2936 1234 2998 loqui,

160 3071 163 3077 .
185 3016 289 3064 Paludes
309 3013 510 3080 inexsuperabilis,
535 3012 689 3083 altitudiniu
729 3030 780 3061 non
792 3013 897 3060 denudo
909 3013 978 3070 solo,
990 3011 1122 3072 adjiciens,
1132 3013 1236 3062 insulam

145 3154 148 3159 1
184 3094 238 3142 vult
255 3096 351 3153 Livius,
367 3094 469 3160 paludes
489 3095 532 3140 has
546 3104 688 3157 propterea,
728 3093 807 3157 aggeri
821 3093 959 3156 impositam
972 3104 1041 3139 esse:
1057 3090 1100 3137 sed
1114 3093 1236 3138 Gronovii

184 3172 253 3236 qnod
268 3174 334 3221 lacus
353 3183 514 3236 restagnantes
530 3171 557 3217 in
575 3186 614 3218 eas
630 3187 689 3217 sem·
732 3172 894 3232 conjecturam
906 3170 1024 3234 praefero;
1042 3169 1203 3232 Drah-Qui
1215 3183 1239 3217 et

185 3267 229 3315 per
246 3267 332 3314 aquam
349 3250 498 3308 infundunt,
518 3265 642 3311 nunquam
660 3265 687 3296 ac
732 3266 824 3296 mierum
832 3248 959 3305 sustineat,
974 3259 1020 3294 etc·
1027 3246 1133 3306 indicat,
1145 3249 1238 3309 solum,

184 3346 216 3376 ne
243 3341 323 3377 aestate
343 3331 442 3394 quidem
462 3331 495 3376 ita
515 3327 643 3384 exsiccari,
661 3338 689 3375 nt
732 3332 773 3377 oni
794 3339 907 3392 tauquam
930 3329 1010 3392 aggeri
1032 3327 1137 3390 ingentis
1158 3332 1237 3392 operis

186 3407 289 3470 pedibus
297 3410 404 3472 superari
412 3409 522 3473 possint:
532 3422 586 3454 nam
596 3422 627 3452 ne
636 3422 689 3470 pro
733 3425 776 3455 arx
791 3407 904 3471 imposita
921 3417 971 3465 est,
984 3405 1045 3453 adeo
1061 3403 1158 3452 firmum
1173 3423 1237 3466 esse,

186 3486 322 3534 fundissimi
334 3489 432 3550 quidem
445 3488 516 3535 maris
529 3497 594 3534 tanta
603 3489 642 3533 'est
655 3486 689 3533 al·
733 3499 760 3534 ut
773 3502 868 3533 mamm
884 3485 999 3533 sustinere
1017 3484 1106 3548 possit,
1122 3495 1145 3531 et
1159 3496 1239 3533 tamen

186 3563 280 3622 titudo,
294 3577 322 3613 nt
335 3568 438 3614 navibus
450 3566 555 3630 superari
571 3581 622 3612 non
633 3581 689 3628 pos·
733 3566 834 3614 humore
845 3565 940 3629 paludis
953 3564 1060 3626 undique
1070 3564 1188 3626 cingentis
1198 3566 1239 3612 lae·

187 3643 219 3690 sit
229 3659 236 3700 3
248 3643 312 3691 nuk.
735 3645 760 3692 di
771 3656 885 3708 nequeat3
904 3642 1024 3690 Drakenb.
1038 3668 1073 3677 -
1085 3644 1240 3690 Intermurali

222 3737 245 3766 a.
260 3723 291 3767 In
304 3720 357 3783 ipsa
368 3722 475 3784 palude,
490 3738 539 3785 qua
555 3733 623 3785 parte
634 3739 691 3784 pro·
735 3724 815 3778 amni,
828 3722 904 3786 Lydia
918 3739 961 3769 seu
972 3720 1061 3779 Ludia,
1075 3722 1117 3783 qui
1129 3729 1158 3768 e'x
1170 3721 1237 3780 lacu,

187 3799 256 3846 xima
277 3799 331 3846 urbi
347 3812 394 3856 est,
411 3803 480 3848 uehit
495 3803 590 3856 insula,
606 3802 693 3849 eminet
736 3819 807 3866 quem
822 3797 887 3849 'Axii
910 3799 1069 3868 ἀπόσπασμα
1100 3787 1239 3862 ἃυεθῑ,ἐῑ

187 3893 252 3933 arx,
266 3878 364 3942 aggeri,
377 3889 423 3926 eto.
439 3880 472 3927 ita
486 3879 614 3942 legendum
625 3880 693 3928 vide·
738 3881 805 3927 CXX
818 3879 893 3927 stadia
911 3896 924 3926 a
940 3879 1005 3925 Pelia
1021 3879 1047 3926 in
1063 3894 1128 3924 mare
1142 3877 1238 3924 labitur.

187 3968 227 4005 tur
236 3974 292 4005 eum
301 3959 379 4006 Gron.
388 3960 524 4016 Cmverins,
534 3959 623 4006 inserta
631 3974 692 4006 voce
737 3962 772 4006 Ita
791 3957 869 4005 Strah.
882 3957 926 4005 snb
939 3955 1011 4004 linem
1023 3956 1127 4012 tinvn,
1140 3955 1166 4002 in
1179 3958 1239 4003 Exc.

188 4053 253 4093 arx,
266 4035 314 4086 hoc
324 4036 410 4084 clarius
420 4055 470 4085 esee
483 4039 584 4095 sareon
599 4037 694 4084 dubitat
738 4065 771 4072 -
784 4038 898 4083 Trecenta
911 4037 1019 4090 talenta,
1033 4033 1057 4082 h.
1073 4051 1093 4081 e.
1105 4051 1135 4081 ex
1145 4035 1240 4082 Crever.

187 4126 280 4176 tamen,
292 4133 322 4162 an
333 4117 367 4163 ita
378 4116 470 4165 dederit
480 4115 571 4173 Livius,
580 4127 603 4164 et
613 4117 694 4180 potius
737 4131 827 4162 marcas
838 4115 929 4178 argenti
941 4112 1042 4170 namt.
1056 4113 1101 4160 En.

1045 4223 1096 4292 17.
