2984 4706
272 373 341 444 238
688 373 728 439 Τ.
762 373 900 441 tlvll
1176 351 1312 467 ιΐῑὲζξξζζ

270 498 392 570 chium
409 497 598 566 transitum
618 506 838 564 tentaturus:
851 487 1022 581 Perseius,
1041 493 1146 590 quod'
1163 495 1201 564 in
1224 495 1347 566 oculis

271 621 365 694 erat,
382 613 428 702 [id
446 629 571 676 tantum
588 611 744 700 cogitans,
756 611 798 674 ad
814 611 1035 698 repellendum
1050 635 1086 676 ea
1099 628 1190 701 parte
1208 613 1340 679 hostem

271 731 407 783 omnem
429 713 539 779 euram
561 711 768 794 intendebat,
796 712 878 775 nihil
892 711 988 778 ,aliud
1015 713 1179 778 sollicitus.
1201 715 1339 778 Interim

271 822 308 885 P.
320 820 435 885 Nasica
452 839 526 882 cum
544 816 698 898 attributa
717 813 778 878 sibi
797 837 897 878 manu
915 835 1026 878 versus
1042 837 1130 880 mare
1143 816 1341 880 Heracleum
1418 870 1421 880 .

269 923 451 1011 profectus,
468 933 640 1007 postquam
654 939 693 982 eo
706 916 872 1003 pervenit,
883 917 980 998 jussis
998 940 1133 1006 corpora
1146 941 1261 982 curare
1275 920 1340 980 mi·

269 1021 528 1104 litibus,noctem
546 1017 748 1106 exspectavit.
756 1019 842 1090 Tum
854 1040 928 1082 vera
943 1017 1086 1102 consulis¹
1098 1017 1245 1082 mandata
1261 1042 1341 1106 prae·

271 1125 373 1214 cipuis
383 1123 514 1186 ,ducum
527 1119 693 1208 exposuit,
709 1141 746 1182 ac
755 1118 868 1206 primis
884 1142 919 1184 se
935 1119 1179 1184 intendentibus
1191 1120 1340 1184 tenebris

272 1227 352 1290 flexo
367 1225 407 1288 ad
424 1239 569 1291 montem
590 1222 722 1302 itinere,
740 1221 781 1284 ad
799 1222 967 1310 Pythium,
987 1237 1025 1284 ut
1040 1223 1234 1308 imperatum
1253 1241 1336 1306 erat,

270 1310 376 1416 copias
388 1326 516 1390 silentio
530 1324 629 1387 ducit.
648 1323 712 1385 Ubi
725 1339 858 1387 ventum
869 1323 909 1386 ad
925 1347 1091 1386 summum
1102 1327 1257 1388 cacumen
1270 1341 1337 1408 est,

269 1428 359 1517 quod
376 1426 487 1490 decem
500 1424 638 1512 amplius
651 1423 752 1487 stadia
767 1425 801 1487 in
817 1425 1020 1488 altitudinem
1034 1425 1337 1516 assurgit,fatigatis

270 1529 426 1592 militibus
444 1524 567 1613 aliquid
583 1525 736 1612 requietis
755 1525 877 1589 datum.
897 1529 968 1590 Hoc
980 1527 1114 1616 jugum,
1133 1543 1171 1590 ut
1192 1543 1268 1592 ante
1286 1528 1337 1593 di-

272 1649 361 1695 ctum
382 1644 446 1710 est,
464 1629 558 1710 Milo,
576 1643 608 1690 et
628 1627 796 1710 Histiaeus,
814 1643 847 1691 et
861 1627 1051 1716 Tbeogeues
1069 1651 1087 1691 a
1112 1628 1230 1692 Perseo
1246 1629 1336 1692 missi

270 1755 345 1794 cum
367 1729 512 1817 quinque
535 1727 678 1791 millibus
696 1727 912 1792 Macedonum
927 1729 1147 1794 obtinebant:
1172 1729 1229 1794 sed
1247 1746 1336 1794 tanta
1377 1791 1383 1801 ,

271 1830 465 1920 negligentia
482 1824 576 1918 regiis
594 1829 732 1893 ducibus
749 1846 832 1910 erat,
851 1846 889 1894 ut
913 1853 1010 1893 nemo
1027 1830 1199 1894 adventare
1215 1833 1334 1898 Roma·

272 1955 332 1996 nos
341 1932 487 1998 senserit.
498 1933 626 2019 So‘pitos
639 1923 805 2022 aggressus
822 1932 934 1996 Nasica
953 1931 995 1997 de
1004 1932 1082 2022 jugo
1095 1933 1184 1996 faeile
1202 1932 1334 2015 dejecit,

274 2036 302 2098 si
318 2034 453 2122 Polybio
472 2032 561 2096 fides.
584 2036 655 2122 Ipse
672 2035 758 2097 enim
774 2035 888 2099 Nasica
905 2035 940 2096 in
956 2035 1087 2123 epistola
1105 2034 1147 2099 ad
1160 2035 1333 2123 quemdam

270 2159 383 2224 regum
398 2136 493 2222 longe
510 2134 602 2198 aliter
616 2158 685 2198 rem
700 2153 816 2203 narrat.
836 2135 977 2200 Mentem
994 2137 1097 2202 arduo
1113 2137 1332 2223 aseensufia's·

272 2263 300 2302 se
309 2285 318 2316 ,
342 2236 399 2298 sed
412 2235 655 2315 incustoditum,
681 2239 729 2300 ita
753 2252 788 2300 ut
809 2238 928 2303 saltam
944 2260 1095 2326 occupare
1108 2237 1197 2301 nullo
1211 2242 1332 2324 negotio

264 2341 434 2428 potuisset,
455 2339 519 2400 nisi
534 2335 703 2424 traayuga
722 2337 872 2428 Cretensis
884 2363 933 2402 ea
949 2341 1002 2418 iis,
1024 2362 1102 2426 quos
1123 2362 1227 2402 seeum
1242 2340 1333 2402 dace-

271 2443 328 2504 bat
334 2489 345 2520 ,
365 2438 411 2501 ad
423 2439 535 2502 Persea
550 2440 750 2520 cucurrisset,
765 2461 894 2528 euntque
907 2440 1069 2520 docuisset,
1079 2441 1164 2528 quid
1177 2455 1328 2526 ageretur.

272 2546 383 2632 Regem
410 2543 513 2628 ipsam
536 2540 660 2628 quidem
685 2529 831 2604 mansisse
858 2544 891 2603 iu
918 2541 1116 2636 castr-risten?
1135 2531 1249 2602 misisse
1270 2541 1331 2603 duo

271 2641 482 2711 Macedonum
494 2691 504 2722 ,
528 2645 633 2707 decem
657 2641 868 2706 auxiliarium
894 2643 1013 2722 millia,
1040 2643 1162 2706 Milone
1172 2643 1272 2722 dum,
1290 2644 1333 2706 ud

271 2745 489 2836 occupandum
510 2745 635 2808 saltum,
662 2743 740 2808 Cum
768 2746 815 2808 lais
843 2749 997 2808 acerrima
1014 2749 1141 2832 pugaa‘
1156 2730 1188 2807 ii
1214 2733 1330 2808 sumum

262 2852 349 2940 juga
368 2855 550 2912 eoa'eursum
567 2861 653 2924 esse,
676 2859 770 2932 atque
792 2850 874 2910 iuter
894 2845 1042 2909 elia'sese
1058 2869 1080 2907 a
1101 2845 1220 2908 Thrace
1238 2847 1331 2910 milite

259 2950 356 3038 ferro
372 2949 563 3037 appetitum,
583 2971 674 3034 quem
695 2949 757 3034 ipse
780 2947 899 3012 adacta
917 2971 978 3034 per
991 2961 1102 3035 peetus
1119 2947 1211 3010 besta
1227 2964 1329 3011 trans·

258 3049 392 3138 fixerit,
402 3111 404 3115 a
414 3051 521 3114 Victos
535 3050 662 3118 tandem
679 3050 872 3143 Macedonas
888 3049 956 3112 loco
970 3052 1106 3127 cessisse,
1124 3049 1330 3138 Milanernque

271 3162 373 3243 quum
388 3155 564 3240 tumissima
571 3149 664 3238 fuga
675 3152 810 3240 abjectis
834 3155 932 3216 erneis
947 3149 1045 3214 saluti
1058 3151 1257 3218 consuluisse.
1275 3141 1346 3216 Ro?

271 3256 377 3318 manis
391 3255 551 3341 fugientes
569 3255 837 3340 persequentibus
854 3253 952 3316 facilis
970 3268 1001 3315 et
1015 3253 1085 3316 sine
1101 3253 1169 3315 ullo
1190 3253 1328 3339 periculo

254 3373 257 3386 ’
272 3358 305 3421 in
323 3357 421 3444 plana·
433 3353 606 3418 descensus
623 3353 694 3418 fuit.
709 3357 779 3419 Hoc
788 3355 897 3418 rerum
910 3370 993 3418 statu
1007 3351 1140 3438 Perseus
1154 3353 1328 3441 ambigere,

271 3458 352 3548 quid
370 3457 454 3532 facto
476 3478 568 3542 opus.
598 3446 740 3538 Quum,
755 3473 862 3543 aperta
875 3458 939 3536 jam
957 3457 1148 3542 persalsum
1174 3455 1243 3537 via,
1267 3478 1328 3520 me·

269 3580 389 3644 meret,
412 3584 453 3624 ne
472 3561 727 3625 circumiretnra
745 3563 918 3641 Romanis,
936 3561 1072 3624 omnino
1096 3583 1225 3626 neeesse
1250 3578 1328 3638 erat,
1418 3617 1420 3622 .

271 3763 415 3819 xxxvu,
429 3761 514 3817 31,n.
528 3749 607 3809 sun.
621 3787 654 3797 -
668 3764 778 3818 Perseus,
825 3759 941 3816 ricemer,
965 3757 1031 3806 missi
1052 3769 1132 3816 erant,
1154 3757 1275 3807 obstiterit
1290 3774 1296 3806 :
1309 3773 1330 3808 et

273 3843 342 3908 quod
350 3841 374 3886 in
386 3838 460 3886 ocrtlis
472 3833 560 3896 erat'*;
570 3839 619 3898 jam
628 3855 783 3902 aggressurus
825 3831 877 3886 hae'e
897 3837 973 3900 igitur
993 3837 1176 3896 desiderantur,
1194 3849 1219 3885 et
1235 3839 1329 3904 insuper

275 3933 325 3970 erat
343 3918 663 3980 dicere‚-quernadmodum
682 3919 783 3966 Perseus
826 3916 1031 3979 quemadmodum
1044 3915 1141 3964 Paullus
1151 3929 1209 3978 post
1222 3917 1328 3965 NasIca'm

273 4000 367 4048 Nasicae
385 4007 458 4059 atque
469 3996 557 4052 Fabio,
570 3997 611 4060 qui
627 4013 681 4044 cum
695 4013 780 4060 magna
824 3997 855 4043 sit
866 4007 1047 4059 consequutus,
1063 3997 1146 4059 Sigon.
1161 3995 1199 4044 cf.
1210 3996 1327 4045 Plutarch.

273 4093 346 4130 manu
357 4073 505 4121 Macedonas
517 4073 547 4121 ab
556 4076 600 4122 alia
610 4076 781 4140 parteutado·
824 4075 1007 4138 ulpianus,
1054 4139 1057 4144 Ι
