2976 4712
488 392 757 461 LIBRORUM
789 392 928 458 LIVII.
1166 389 1236 476 455

181 526 379 602 senectam,
399 512 524 606 viguit,
540 526 580 582 ut
597 527 680 608 post
695 526 835 582 sextum
855 525 890 581 et
904 515 1164 609 octogesimum
1178 539 1239 585 an·
1312 505 1318 516 ’

181 647 268 690 num
290 620 404 690 filiurn
430 622 602 718 genuerit.
625 627 722 693 lnter
746 635 817 692 tres
838 619 970 692 liberos
992 623 1106 717 ejus⁷‚
1130 629 1240 695 maxi·
1318 629 1322 636 “

181 754 279 798 mum
301 745 387 800 natu
404 732 607 827 Micipsam,
626 731 837 818 Gulussam,
857 732 1157 822 Mastanabalem,
1176 738 1240 831 qui
1330 730 1333 738 ’

181 841 284 913 etiam
309 843 428 938 graecis
454 842 564 912 literis
587 841 748 912 eruditus
771 856 866 930 erat,
888 846 925 911 P.
948 843 1064 939 Scipio
1085 846 1239 915 AEmilia·

181 948 273 1020 nus⁸
294 952 430 1048 (quum
450 973 642 1024 commune
660 954 711 1023 eis
728 965 829 1049 pater
846 973 998 1047 regnum
1018 952 1238 1050 reliquisset,

181 1076 217 1130 et
235 1055 394 1132 dividere
419 1088 480 1133 eos
500 1062 637 1133 arbitro
660 1063 826 1158 Scipione
842 1061 1025 1157 jussisset)
1050 1067 1167 1159 partes
1184 1066 1239 1134 ad-

181 1172 407 1242 ministrandi
429 1176 530 1268 regni
553 1173 681 1242 divisit.
710 1177 800 1243 Item
816 1170 1012 1254 Phamaeae⁹
1028 1173 1239 1262 Himilconi,

181 1278 347 1379 praelecto
365 1285 530 1378 equitum
545 1281 903 1379 carthaginiensium,
926 1281 1004 1350 viro
1020 1279 1107 1352 forti
1123 1299 1159 1353 et
1180 1308 1240 1354 cu-

177 1389 235 1483 jus
252 1392 428 1489 praecipua
452 1416 563 1490 opera
583 1393 684 1462 Poeni
705 1390 910 1479 utebantur,
930 1393 1123 1488 persuasit,
1141 1408 1181 1463 ut
1196 1394 1240 1464 ad

181 1503 361 1570 Romanos
379 1526 463 1571 cum
482 1503 646 1597 equitatu
664 1526 730 1572 suo
746 1502 921 1572 transiret.
945 1505 995 1570 Ex
1016 1499 1131 1571 tribus
1150 1501 1241 1598 lega-

155 1688 159 1696 ,
180 1607 243 1692 tis,
262 1609 324 1704 qui
343 1605 388 1680 ad
404 1611 622 1680 Masinissam
650 1612 745 1680 missi
771 1608 935 1695 fuerant,
959 1611 1129 1682 Claudius
1150 1617 1241 1684 Mar·

181 1715 290 1788 cellus
304 1728 351 1804 ¹⁰,
384 1730 507 1790 coorta
536 1734 769 1817 tempestate,
797 1718 967 1792 fluctibus
995 1719 1147 1794 obrutus
1176 1740 1239 1795 est.

181 1826 489 1924 Carthaginienses
516 1827 800 1918 Hasdrubalem,
830 1832 1021 1902 Masinissae
1049 1847 1240 1929 nepotem,

182 1962 289 2031 quem
312 1939 502 2035 praetorem
519 1938 720 2027 habebant,
739 1939 952 2038 proditionis
966 1958 1190 2038 suspectum,
1204 1947 1241 2015 in

182 2048 278 2116 curia
298 2050 530 2121 occiderunt:
550 2075 630 2147 quae
650 2052 805 2147 suspicio
824 2049 908 2120 inde
928 2053 1124 2140 emanavit,
1141 2053 1242 2148 quod

182 2155 408 2256 propinquus
435 2175 527 2232 esset
554 2162 736 2247 Gulussae,
765 2165 947 2231 Romanos
968 2162 1101 2232 auxilio
1120 2164 1242 2257 juvan-

182 2267 277 2337 tis¹¹.
298 2269 331 2339 P.
349 2271 466 2368 Scipio
482 2271 707 2358 AEmilianus,
725 2293 837 2366 quum
859 2268 1062 2340 aedilitatem
1082 2287 1242 2368 peteret,

181 2378 308 2448 consul
321 2403 341 2449 a
354 2369 494 2478 populo
508 2380 643 2467 dictuS,
663 2381 832 2475 quoniam
848 2403 913 2476 per
926 2393 1040 2450 anuos
1055 2382 1239 2453 consulem

182 2558 235 2604 Val.
243 2559 310 2606 Max.
319 2557 510 2621 Methymnaeam
519 2561 557 2608 vel
567 2560 687 2610 Maelium
768 2575 793 2621 9.
807 2560 929 2607 Pharnace
939 2560 949 2625 (
959 2577 1001 2609 seu
1011 2561 1143 2626 Plansece)
1154 2565 1242 2612 Himil-

181 2649 280 2693 uatum,
303 2637 396 2684 Plinius
417 2638 625 2700 llIeclrymatlmnm
646 2656 688 2704 ap·
733 2639 802 2695 cani,
822 2650 869 2688 etc.
891 2640 957 2687 conf.
981 2640 1087 2703 Appiam
1111 2643 1172 2688 Pun.
1193 2659 1241 2704 97,

181 2715 269 2777 pellat.
737 2733 798 2776 roo,
811 2726 872 2775 rot,
889 2733 935 2776 107
949 2733 986 2778 sq.
997 2727 1020 2764 ct
1031 2719 1118 2764 Zonar.
1134 2719 1183 2777 IX,
1199 2736 1242 2780 ²7·

218 2809 241 2851 7.
255 2795 323 2840 Inter
335 2805 382 2841 tres
395 2793 480 2842 liberos
498 2795 563 2860 ejus,
580 2813 613 2844 sc.
626 2797 688 2859 legi·
733 2795 798 2842 Huic
812 2806 835 2842 et
849 2795 930 2842 Suidae
941 2791 1039 2852 Φαὸίας
1052 2794 1167 2842 mendose
1182 2795 1242 2844 dici-

182 2871 254 2916 timos
263 2882 287 2917 et
295 2871 359 2934 patri
368 2875 520 2935 superstites,
529 2885 618 2938 praeter
628 2889 690 2937 quos
734 2871 780 2920 tirr.
792 2873 864 2923 Conl.
877 2873 950 2921 neat.
959 2873 991 2920 ad
1001 2873 1025 2920 h.
1037 2874 1055 2922 l.
1065 2885 1089 2921 et
1100 2874 1181 2937 intpp.
1195 2875 1242 2923 Eu-

182 2949 253 2996 mnlti
262 2950 338 3008 fuere,
345 2961 386 2997 aut
396 2953 475 3015 nothi,
484 2963 526 3000 cut
535 2965 590 3002 ante
597 2965 690 3017 patrem
735 2963 799 3015 trop.
810 2952 854 3010 IV,
871 2966 909 2998 ro.

182 3029 289 3086 mortui3
305 3029 368 3077 inter
388 3048 452 3095 quos
473 3032 545 3079 etiarn
569 3031 690 3081 referendi
774 3045 813 3077 10.
827 3029 941 3078 Claudim
956 3030 1100 3087 Marcellus,
1112 3041 1159 3079 etc.
1174 3037 1240 3084 conl'.

183 3106 295 3155 videntur
315 3111 437 3174 Margala
460 3119 484 3157 et
508 3111 688 3180 Misagenem
723 3109 824 3156 ¹Ascon.
836 3107 868 3155 ad
881 3107 933 3156 Cic.
947 3107 1032 3155 inPis.
1048 3125 1088 3170 19·
1103 3136 1138 3144 —
1156 3111 1242 3160 Flucti—

181 3187 251 3234 Lirio
269 3187 357 3253 sapius
374 3191 509 3238 memorati.
527 3191 639 3252 Quatuor
654 3201 689 3238 ta-
732 3188 788 3243 bus,
799 3187 866 3235 abest
879 3204 892 3235 a
905 3186 973 3234 Leid.
985 3199 1009 3236 et
1021 3189 1091 3252 Berg.
1105 3191 1152 3238 En.

181 3281 237 3312 men
252 3266 317 3317 lilios
332 3280 420 3333 praetsr
437 3263 592 3318 Sternbsnnm
609 3269 641 3317 sb
659 3285 689 3317 eo
772 3283 811 3314 rr.
830 3265 1026 3324 Hasdrubalem,
1048 3267 1183 3316 Masinissae
1200 3286 1241 3316 ue-

182 3344 278 3394 relictos
289 3341 351 3396 dicit
359 3346 448 3412 Polyb.
459 3349 543 3397 decem
552 3347 689 3411 Diodorus,
728 3357 824 3410 potem.
832 3380 852 3394 ..
868 3345 989 3410 juvantu;
998 3341 1048 3394 vid.
1059 3346 1166 3411 Appian.
1181 3343 1241 3396 Pub.

182 3434 206 3471 ct
227 3427 312 3472 XLIV
329 3426 469 3492 Eutropius.
494 3427 690 3476 Mastanabalem
734 3426 766 3486 93
779 3435 803 3472 ct
816 3440 872 3472 111.
890 3451 924 3460 -
941 3425 1016 3487 Quem
1024 3437 1156 3488 praeeram
1169 3425 1242 3476 lrabe-

182 3501 227 3566 (gr.
239 3498 427 3574 Μαστανᾶΰαν)
436 3508 525 3556 rectius
536 3507 609 3554 scribi
617 3523 690 3570 quarn
734 3504 811 3552 bant:
825 3503 877 3564 ejus
888 3519 1024 3562 successor,
1034 3503 1120 3552 itidem
1133 3505 1242 3552 Hasdru·

185 3583 393 3643 tintinnabulum
413 3587 503 3634 docent
520 3585 643 3634 Drakenb.
658 3586 689 3634 ad
734 3583 788 3641 bal,
798 3599 858 3639 rex,
874 3593 897 3630 et
910 3582 1069 3631 Hasdrubalis
1082 3599 1146 3631 uxor
1157 3583 1243 3648 regina

182 3650 208 3708 h.
227 3661 244 3709 l.
264 3662 331 3711 Cort.
347 3666 377 3712 ad
397 3665 454 3714 Sall.
472 3668 530 3729 Jug.
550 3667 581 3724 5,
598 3677 622 3714 et
640 3662 688 3714 alii.
734 3661 850 3710 dicuntur
860 3661 963 3722 Oresio,
976 3663 1022 3722 IV,
1035 3661 1150 3726 233quia
1164 3663 1240 3710 Sulle-

182 3739 267 3787 Trium
279 3735 387 3790 filiorum
400 3744 492 3792 medius
507 3744 597 3792 dicitnr
610 3745 689 3792 Zona·
734 3753 894 3789 tes-summam
908 3752 933 3789 et
943 3741 1013 3805 regiae
1022 3742 1124 3789 similem
1133 3777 1140 3800 ,
1149 3742 1192 3789 scd
1203 3757 1244 3790 an-

183 3822 357 3882 rae,1X,27.
675 3877 677 3882 ,
733 3837 807 3868 nnam
819 3832 1084 3885 untum,potesutem
1097 3819 1242 3884 Carthagine

218 3915 243 3960 9.
254 3902 281 3948 P.
292 3899 370 3964 Scipio
384 3901 546 3958 AEmilianus,
561 3913 607 3950 etc.
621 3903 686 3950 conl.
734 3901 888 3959 obtinebant3
903 3899 976 3949 Drak.
988 3930 1022 3938 -
1033 3903 1155 3949 Romanos
1166 3901 1242 3948 auxi-

183 3979 288 4042 Appian.
298 3981 314 4026 1.
324 3979 340 4027 l.
352 3981 435 4028 Punic.
446 3997 500 4046 pag.
513 3983 553 4036 64.
564 4010 596 4017 -
607 3986 691 4029 Partes
735 3981 768 4029 lic
774 3979 886 4044 juvantis
894 3981 954 4028 Exc.
970 3980 1069 4038 Pitheci,
1085 3979 1150 4028 unde
1162 3981 1244 4043 recepi

182 4050 467 4123 adnsinistrandr'regiri:
480 4053 623 4109 membranae
635 4058 691 4108 Bar·
736 4077 782 4126 pro
806 4060 870 4124 vulg.
897 4061 1059 4108 Romanorum
1084 4058 1180 4108 areaitia
1201 4059 1241 4124 ju·

183 4139 268 4186 benet
281 4138 442 4187 Gudianlln.
506 4139 511 4146 '
737 4139 823 4188 vactis.
