2984 4706
254 393 319 488 198
669 397 705 460 r.
740 387 879 461 srvit
990 427 992 434 ,
1159 372 1285 473 3222233

250 514 395 584 bituros.
415 518 520 582 Itane
547 511 692 582 tandem
715 519 758 582 iis
767 515 980 608 pareaturi,
1000 516 1246 608 exercitusque
1267 507 1317 580 de

250 623 469 694 Macedonia
490 622 746 719 deportentur?
768 626 913 692 Visuros
939 645 1033 706 esse,
1059 621 1151 716 quid
1165 621 1236 690 sibi
1243 623 1315 712 fa·

251 733 417 804 ciendum
434 737 488 802 sit.
509 731 610 823 Quid
625 732 761 803 Rhodii
773 737 889 802 vauri
903 737 990 815 sint,
1011 736 1105 826 ipsos
1117 737 1218 800 scire.
1238 736 1315 801 Po-

243 842 378 941 pulum
402 858 494 912 oerte
514 867 723 926 romanum,
752 843 887 913 devicto
910 846 1058 926 Perseo,
1083 840 1186 936 quod
1193 865 1319 938 prope

253 955 348 1025 diem
366 955 620 1050 sperentfirre,
641 959 825 1034 visurum,
850 969 891 1021 ut
899 975 973 1048 pro
993 955 1124 1020 meritis
1142 951 1318 1047 cujusque

254 1071 292 1132 iu
312 1061 471 1132 eo‘bello
493 1068 642 1132 civitatis
661 1067 819 1157 gratiam
842 1062 991 1157 diguam
1015 1063 1155 1151 referat.
1181 1064 1318 1130 Munus

253 1189 372 1244 tamen
390 1173 514 1268 legatis
531 1173 569 1241 in
588 1171 745 1268 singulos
760 1170 886 1242 binum
904 1172 1053 1242 millium
1073 1171 1150 1241 aeris
1167 1172 1318 1243 missum

255 1295 325 1366 est;
344 1281 444 1377 quod
462 1281 488 1350 ii
506 1305 580 1352 non
601 1277 826 1377 acceperunt.
1190 1289 1193 1294 ’

259 1422 267 1434 ·
299 1395 391 1461 XVI.
404 1391 531 1462 Literae
545 1389 675 1488 deinde
689 1392 840 1460 recitata
854 1393 896 1480 Q.
911 1392 1034 1461 Marcii
1045 1391 1202 1462 consulis
1210 1407 1317 1478 aunt,

259 1501 599 1593 Quemadmodum,
632 1499 727 1570 saltu
760 1517 954 1598 superato,
990 1507 1027 1570 in
1059 1501 1320 1571 Macedoniam

256 1617 459 1681 transisset:
475 1611 528 1680 ibi
547 1627 584 1682 et
604 1635 652 1680 ex
676 1610 757 1681 aliis
778 1610 864 1681 locis
886 1627 1104 1682 commeatus
1122 1637 1147 1680 a
1156 1627 1321 1708 praetore

252 1732 480 1818 prospectos¹
505 1726 542 1790 iu
561 1721 715 1791 hiemem
734 1721 886 1808 habere,
905 1737 943 1791 et
955 1722 1004 1792 ab
1018 1725 1177 1818 Epirotis
1190 1727 1322 1818 vr'giuti

259 1830 371 1900 millia
387 1831 546 1901 modium
566 1837 685 1917 tritici,
702 1832 825 1902 decem
838 1831 967 1902 hordei
976 1837 1187 1928 sumpsisse:
1202 1848 1244 1901 ut
1245 1855 1321 1934 pro

258 1966 300 2012 eo
310 1942 500 2029 frumento
513 1947 674 2036 pecunia
690 1947 826 2013 Bomoe.
838 1942 1105 2038 legatiseorum
1123 1959 1319 2012 curaretur.

265 2055 480 2120 Vestimenta
502 2048 672 2120 militibus
694 2050 742 2120 ab
764 2057 881 2121 Roma
902 2051 1076 2120 mittenda
1097 2075 1196 2121 esse:
1219 2057 1321 2147 equis

261 2259 309 2302 no,
324 2254 348 2291 et
364 2241 434 2290 addit
450 2242 547 2290 Jacobs.
564 2243 607 2306 qui
621 2241 768 2290 ustionem
811 2244 863 2302 nis,
877 2242 989 2291 Rhodios
1003 2245 1067 2308 'ipsis
1086 2242 1175 2290 dehine
1195 2241 1323 2290 habendos

263 2339 309 2387 pro
330 2322 431 2369 deorum
449 2322 521 2384 legit,
537 2322 644 2384 ejusdem
664 2323 770 2370 nominis
812 2322 931 2371 foederum
938 2333 1018 2371 testes.
1027 2323 1090 2371 Nam
1099 2322 1135 2369 sic
1145 2321 1250 2384 denique
1260 2321 1323 2368 iutu-

264 2401 409 2466 repetitione
428 2400 520 2464 triplici
532 2401 581 2460 jam
599 2401 634 2448 eie
651 2417 719 2448 usum
735 2402 772 2448 Li·
814 2417 882 2458 rum,
900 2414 929 2449 ut
943 2403 1000 2450 satis
1021 2411 1121 2466 pareant
1137 2401 1186 2448 itti·
1204 2400 1322 2456 Romani,

263 2481 344 2538 vium,
353 2482 382 2536 1,
395 2481 443 2537 aa,
455 2479 518 2528 med.
533 2482 622 2527 Metuis
635 2480 675 2528 iiie
684 2481 771 2527 ereda·
814 2491 839 2528 et
850 2479 880 2528 de
894 2479 1039 2528 Macedonia
1051 2478 1181 2543 deportent
1193 2479 1322 2527 exercitae.

263 2571 316 2608 otor
323 2557 415 2606 itineris
422 2557 492 2622 hujus
502 2576 512 2615 ,·
523 2559 611 2606 Mettus
624 2558 687 2606 idem
700 2558 770 2624 liujus
814 2559 917 2607 visuros
930 2560 1044 2607 nimirum
1060 2557 1172 2606 Rhodios
1188 2571 1239 2605 esee
1262 2556 1323 2624 quid

263 2637 417 2684 machinator
431 2635 502 2693 belli,-
517 2638 604 2684 Mettus
612 2635 712 2698 soedais
725 2637 770 2684 Al·
813 2637 860 2684 sibi
882 2637 1019 2686 iaciendum
1040 2639 1082 2685 eit!
1104 2630 1229 2698 Quidilli
1248 2635 1323 2683 visuri

264 2717 325 2765 beni
333 2715 484 2779 Romanique
495 2727 588 2780 mptor.
599 2718 647 2764 En.
682 2742 684 2751 ν
814 2717 877 2773 sint,
888 2715 955 2780 ipsos
962 2729 1043 2764 nosse.
1055 2718 1192 2763 Romanum
1203 2726 1269 2764 certe
1277 2727 1322 2778 po·-

268 2804 273 2811 ’
300 2799 405 2851 t.Itaue
420 2794 518 2842 taudem
530 2794 567 2858 ftis
579 2806 706 2857 ponatur,
723 2804 769 2842 ete.
814 2795 1075 2859 pulnmvisurum‚ut
1087 2811 1133 2858 pro
1144 2795 1194 2842 suis
1206 2796 1324 2857 cuiusque

264 2874 338 2922 inhia
350 2873 681 2922 rerbieeevixcommodum
690 2873 771 2921 videre
814 2874 919 2922 civitatis
934 2874 961 2921 in
982 2891 1011 2922 eo
1029 2873 1094 2921 bello
1112 2874 1204 2922 meritis
1225 2872 1323 2936 dignam

266 2968 362 3002 sensum
369 2989 377 3014 ‚
384 2951 533 3017 profitentur
540 2951 605 3000 nuk.
615 2963 639 3000 et
648 2952 771 3002 Drakenb.
815 2953 914 3016 gratiam
927 2953 1014 3000 referat
1023 2975 1044 3000 a.
1059 2954 1107 3001 En.

267 3030 325 3080 Non
337 3031 399 3078 male
413 3033 478 3092 conj.
489 3031 560 3080 Crev.
571 3034 643 3079 Itane
655 3032 772 3079 taudem?
850 3031 1185 3080 Car.XV1.r.Gommeatus
1195 3045 1212 3075 a
1217 3041 1324 3093 prator-e

267 3110 771 3176 NipareatureoeercitusquedeMacedo·
811 3123 964 3175 prospectos,
987 3110 1021 3158 ita
1042 3125 1090 3173 pro
1106 3125 1128 3155 e.
1153 3106 1324 3171 rempublicam

267 3190 312 3237 trie
333 3190 496 3253 deportentur,
519 3189 614 3236 visuros
633 3205 695 3246 esse,
714 3190 776 3254 quid
813 3201 953 3254 prospectos
978 3201 1059 3247 recte,
1077 3199 1158 3252 puto,
1183 3186 1271 3250 legitur
1293 3201 1326 3232 ex

266 3267 314 3316 sibi
322 3267 467 3332 faciendum
482 3269 535 3316 sit?
550 3268 640 3316 mama
655 3269 727 3316 verba
743 3285 775 3317 ex
818 3268 912 3318 emend.
926 3267 1009 3332 Sigon.
1028 3269 1065 3315 De
1084 3283 1115 3314 eo
1128 3263 1227 3329 quidem
1240 3261 1324 3310 admo-

266 3346 377 3394 oratioue
386 3345 538 3394 Rhodiorum
549 3346 674 3410 desumpta
683 3347 724 3394 hic
731 3362 775 3410 per
818 3346 876 3394 dum
888 3346 983 3394 dabitat
990 3345 1066 3394 Drak.
1078 3345 1135 3409 quia
1144 3359 1175 3390 ex
1188 3357 1242 3406 cap.
1257 3357 1270 3402 7
1282 3359 1325 3406 pa-

267 3424 402 3472 irrisionen
423 3426 501 3488 repeti
524 3437 616 3473 monet.
639 3449 674 3462 ·-
691 3425 775 3474 Nollet
819 3439 884 3485 teat,
902 3443 970 3491 spem
988 3426 1083 3475 consuli
1105 3426 1204 3485 iactam,
1226 3425 1324 3471 classem

269 3503 352 3552 raim.
366 3502 438 3551 Obes.
451 3521 475 3568 p.
491 3519 548 3564 107,
560 3505 700 3565 conjectura
718 3507 775 3554 Cre-
817 3506 930 3569 praetoris
955 3522 987 3553 ex
1010 3507 1061 3554 alto
1089 3513 1245 3567 conspectam
1271 3513 1324 3548 eum

269 3582 348 3630 verius
358 3592 472 3630 tentasset
484 3582 565 3630 locum
571 3617 579 3640 ,
593 3584 632 3631 cui
643 3583 675 3630 ad
686 3585 776 3631 sanita-
819 3595 953 3632 commeatu
972 3585 1072 3642 venire,
1086 3597 1142 3632 eum
1162 3581 1287 3639 fefellisse,
1302 3591 1325 3627 et

270 3671 319 3709 tem
329 3661 392 3708 nihil
403 3660 485 3708 deesse
494 3660 590 3709 videtur
597 3673 775 3725 praetersanam
819 3675 849 3710 ex
866 3679 918 3726 cap.
940 3680 956 3726 9
983 3672 1130 3712 commeatus
1154 3661 1260 3709 terrestri
1284 3675 1324 3723 po·

269 3739 500 3805 interpretationem.
516 3740 629 3805 Explicat
649 3742 724 3806 igitur
737 3741 775 3788 vir
819 3742 867 3790 tius
877 3741 962 3790 itinere
973 3741 1004 3789 ad
1011 3741 1113 3789 hiberna
1124 3739 1230 3788 consulis
1242 3737 1324 3786 subre-

270 3819 311 3866 ilie
338 3820 438 3868 doctus:
460 3823 558 3868 «Penes
578 3835 641 3868 unos
665 3819 776 3867 videlicet
819 3832 873 3870 ctos
888 3837 946 3871 esee.
968 3820 1016 3870 Sed
1036 3820 1088 3867 haee
1112 3819 1186 3868 dubia
1209 3818 1325 3866 tolluntur

270 3896 383 3946 Rhodios
389 3916 455 3948 nunc
463 3900 521 3948 belli
528 3900 642 3966 pacisque
650 3899 775 3947 arbitrium
820 3900 900 3948 verbis
912 3917 967 3965 cap.
981 3900 1011 3946 13
1022 3913 1028 3946 τ
1041 3898 1149 3946 Marcius
1164 3897 1263 3962 Figulus
1266 3911 1326 3960 pree

270 3989 332 4022 esse:
340 3977 512 4044 illvmmdeo
524 3989 586 4026 nutu
598 3979 715 4027 Romanis
725 3979 777 4026 bel·
821 3990 860 4027 ter
871 3983 959 4026 Oreum
971 3979 1070 4025 Eubace
1084 3977 1160 4041 petit,
1180 3991 1236 4023 eam
1247 3975 1323 4021 urbem

270 4053 369 4102 landum
381 4068 405 4103 et
418 4056 588 4120 quiescendum
603 4059 670 4116 [στος
677 4059 726 4118 jem
735 4057 777 4106 de·
821 4058 971 4120 aptissimam
984 4068 1067 4113 ratus,
1081 4056 1145 4104 unde
1162 4053 1320 4109 exercitibus,

186 4171 189 4192 ,
271 4133 338 4182 siiese
352 4134 619 4186 deorioederumteates
631 4139 777 4186 eeeeRoma-
823 4136 1058 4202 quiinMaeedonia
1070 4135 1159 4199 quique
1168 4134 1192 4181 irr
1206 4132 1324 4181 Thessaiia
