2982 4702
240 393 322 454 loa*
658 381 698 447 r.
728 381 869 448 mvn
1150 358 1276 460 llllitls

234 505 348 576 ferme
366 504 552 600 utrimque
571 503 745 571 numerus
761 499 924 594 equitum
939 522 980 569 ac
992 498 1080 569 levis
1093 483 1297 584 armair'rrae,

235 628 475 702 concurrunt,
488 637 509 683 a
520 609 766 683 funditoribus
772 606 1122 705 jaculatoribusque,
1136 609 1199 706 qui
1213 631 1299 707 prae·

235 738 439 810 cesserunt,
456 722 580 821 pre'elio
601 735 694 793 orto.
714 719 825 790 Primi
837 719 998 788 omnium
1014 717 1182 807 Thraces,
1202 718 1298 790 haud

236 858 338 906 secus
355 855 464 930 quam
480 830 542 902 diu
557 830 718 902 claustris
731 841 880 900 retenta
900 826 983 898 ferae
997 839 1021 915 ¹,
1037 829 1204 900 concitati
1218 851 1298 900 eum

238 944 374 1042 ingenti
393 943 547 1014 clamore
569 941 606 1011 in
634 941 801 1014 dextrum
824 962 962 1026 cornu,
981 937 1118 1009 italicos
1140 941 1298 1036 equites,

236 1057 489 1140 incurrerunt,
512 1067 555 1122 ut
579 1074 648 1121 usu
676 1049 764 1120 belli
790 1064 827 1120 et
851 1049 995 1146 ingenio
1017 1049 1195 1146 imparida
1216 1071 1300 1148 gens

238 1163 469 1237 turbaretur:
486 1161 610 1260 gladiis
626 1160 745 1232 hastas
765 1172 888 1257 petere
903 1157 1062 1256 pedites,
1081 1181 1180 1231 nunc
1193 1155 1301 1232 succi·

237 1275 323 1348 dere
348 1299 453 1345 crura
481 1273 604 1371 equis,
633 1275 732 1340 nuu'c
761 1268 821 1338 ilia
849 1265 1041 1340 suffodere.
1068 1271 1237 1359 Perseus,
1265 1272 1301 1340 in
1392 1283 1394 1286 ’

237 1383 392 1456 mediam
410 1385 572 1454 invectus
597 1382 729 1463 aciem,
750 1383 895 1449 Graecos
914 1379 1033 1474 primo
1048 1376 1188 1476 impetu
1203 1405 1302 1452 aver-

238 1496 298 1565 tit:
309 1491 443 1590 quihus
456 1515 572 1589 quum
584 1490 701 1586 gravis
714 1487 761 1559 ab
774 1502 875 1584 tergo
894 1488 1043 1560 instaret
1059 1488 1174 1560 hostis
1182 1546 1192 1576 ,
1200 1491 1303 1564 Thes·

240 1603 400 1674 solorum
416 1602 618 1698 equitatus,
637 1600 700 1695 qui
716 1623 738 1668 a
754 1597 843 1668 levo
859 1621 975 1668 cornu
988 1597 1089 1669 brevi
1106 1601 1221 1698 spatio
1233 1600 1303 1673 dis·

238 1713 386 1808 junctus
408 1712 448 1800 in
470 1708 638 1782 subsidiis
664 1706 781 1780 fuerat
801 1721 903 1778 extra
928 1731 1163 1796 concursum,
1186 1710 1303 1806 primo

209 1870 211 1879 ι
240 1836 421 1920 spectator
445 1821 669 1906 certaminis,
694 1817 844 1905 deinde,
866 1817 1035 1888 inclinata
1060 1842 1122 1904 re,
1147 1819 1304 1892 maximo

241 1933 324 2002 usui
344 1929 423 2001 fnit.
451 1928 627 2002 Cedentes
653 1929 749 1999 enim
773 1928 905 1998 sensim
929 1928 1077 2024 integris
1098 1928 1303 2018 ordinibus,

191 2133 193 2138 ,
241 2060 435 2144 postquam
461 2049 498 2115 Se
524 2044 694 2114 Eumenis
717 2041 856 2114 auxiliis
880 2041 1142 2138 adjunxerunt,
1168 2059 1303 2115 etcum

242 2180 287 2226 eo
315 2168 436 2226 tutum
463 2155 557 2224 inter
582 2151 753 2224 ordines²
777 2176 867 2224 suos
885 2155 1072 2249 receptum
1097 2154 1202 2225 sociis
1224 2153 1305 2253 fuga

242 2264 419 2362 dissipatis
433 2263 588 2351 dabant,
605 2277 642 2334 et
651 2263 669 2349 ,'
681 2287 796 2360 quum
813 2265 933 2334 minus
947 2260 1099 2334 conferti
1112 2263 1236 2336 hostes
1249 2268 1305 2335 in-

242 2390 397 2460 starent,
419 2373 589 2472 progredi
609 2375 716 2446 etiam
738 2374 832 2458 ausi,
854 2373 988 2444 multos
1008 2371 1221 2470 fugientium
1243 2375 1305 2447 oh-

242 2488 320 2557 vios
337 2499 566 2583 exceperunt.
590 2488 666 2556 Nec
686 2485 794 2582 regii,
813 2484 926 2580 sparsi
937 2483 1012 2578 jam
1028 2484 1095 2581 ipsi
1107 2486 1241 2580 passim
1256 2509 1310 2556 se-

244 2595 413 2694 quendo,
436 2620 518 2666 cum
541 2592 715 2665 ordinatis
737 2608 773 2665 et
795 2607 895 2663 certo
918 2591 1170 2664 incedentibus
1193 2592 1304 2690 gradu

242 2731 371 2778 manus
383 2729 570 2777 conserere
584 2701 775 2774 audebant
785 2704 918 2792 Quum,
926 2701 1041 2771 victor
1053 2701 1211 2796 equestri
1223 2721 1306 2797 prae·

244 2819 293 2889 lio
308 2842 371 2888 rex
385 2840 496 2913 parvo
517 2827 703 2885 momento
720 2812 749 2881 si
768 2811 959 2905 adjuvisset
969 2805 996 2896 ³,
1017 2808 1237 2881 debellatum
1251 2833 1305 2879 es·

244 2942 316 3013 set,
337 2939 543 3023 opportune
558 2921 763 2994 adhortanti
782 2921 989 3019 supervenit
1001 2919 1178 3018 phalanx,
1198 2934 1305 3016 quam

186 3106 189 3114 ‘
279 3087 699 3152 Car.LlX.1.Haudseousqusim
710 3085 754 3140 diu
833 3103 859 3134 a.
870 3087 904 3134 Et
915 3091 970 3132 cuin
984 3101 1012 3132 eo
1026 3096 1104 3134 tutum
1116 3086 1181 3134 inter
1192 3084 1304 3142 ordinet,

244 3168 355 3218 claustris
370 3179 469 3215 retentio
479 3166 561 3230 s‘roet
579 3166 630 3225 vid.
643 3167 753 3224 XXXV,
797 3175 845 3213 eto.
854 3179 901 3230 pro
910 3180 965 3211 citra
976 3179 1005 3211 eo
1016 3164 1079 3212 forte
1091 3165 1140 3228 leg.
1151 3163 1220 3212 uoti
1227 3179 1264 3212 co.
1273 3189 1307 3202 -

247 3250 329 3305 18,u.
344 3254 369 3302 4.
387 3273 422 3282 -
443 3245 636 3295 Gladiisliartas
645 3245 755 3309 equitum
798 3245 972 3307 &ceperum
986 3241 1043 3290 vide
1057 3242 1088 3290 ad
1104 3243 1185 3302 lm,
1199 3258 1226 3291 u.
1237 3244 1261 3290 3.
1274 3267 1308 3280 -

240 3337 323 3390 petere
330 3325 424 3387 pedites
432 3343 441 3382 ,·
450 3340 481 3372 an
495 3321 542 3388 leg.
555 3325 633 3373 hostes
645 3339 688 3372 scu
700 3324 755 3372 alas
799 3324 852 3370 Noc
862 3321 924 3386 regii
932 3321 1022 3369 milites
1031 3323 1119 3371 Persei.

244 3419 291 3468 pro
311 3402 394 3450 hastas
402 3405 570 3471 lg-Pcrstus
576 3437 585 3461 ,
604 3403 630 3452 in
649 3401 755 3450 mediam
834 3402 859 3449 3.
875 3403 955 3447 Porro
977 3411 1099 3448 momento
1120 3399 1143 3448 si
1163 3399 1309 3465 affuviuetr

245 3482 349 3530 invectus
363 3480 454 3537 aciem,
473 3481 572 3528 Groecos
577 3497 606 3545 p.
620 3481 638 3530 i.
652 3480 755 3538 avertit,·
798 3478 898 3526 vidend
910 3481 935 3534 1,
945 3487 988 3539 47,
997 3494 1023 3527 n.
1035 3495 1058 3541 7.
1067 3479 1262 3527 -Detettamm
1273 3493 1308 3526 cs·

245 3562 303 3610 vide
320 3559 351 3608 ad
370 3562 423 3618 111,
438 3560 487 3619 63,
498 3576 524 3606 n.
539 3575 562 3608 1.
577 3561 626 3608 Sed
644 3559 756 3624 suspicor
798 3570 835 3606 set
846 3557 892 3606 suh
904 3557 1037 3622 hypothesi
1046 3557 1070 3606 si
1081 3557 1170 3615 victor,
1185 3568 1232 3606 cto.
1245 3569 1309 3606 recte

244 3629 292 3704 leg.
305 3655 356 3688 este
369 3649 416 3687 aut.
423 3638 509 3686 Gallos
515 3655 545 3702 p.
556 3639 573 3686 i.
585 3640 672 3688 avertit
683 3639 754 3704 (nam
799 3637 903 3696 dieitur3
915 3637 990 3698 Douj.
1000 3637 1169 3685 Debellaturus
1179 3636 1309 3696 ossetconj.

245 3722 272 3770 hi
283 3733 339 3769 ante
346 3719 450 3768 mediam
459 3719 626 3766 Romanorum
634 3719 709 3766 adem
718 3717 756 3764 in-
799 3715 899 3779 Sigon.,
910 3715 1036 3773 Gronov„
1046 3715 1143 3764 Crever.
1152 3727 1178 3764 et
1186 3713 1263 3763 Drak.
1275 3739 1309 3750 -

247 3800 332 3848 structi
341 3796 438 3862 erant),
451 3808 493 3846 aut
502 3796 527 3844 t'n
539 3797 624 3846 loevam
634 3796 651 3848 i.
663 3795 741 3847 aciem
747 3829 755 3852 ,
802 3796 943 3858 Opportune
954 3793 1100 3842 adhortanti
1108 3793 1243 3858 srtpcrn'citit
1248 3791 1309 3857 plta-

248 3879 304 3942 quia
318 3877 354 3924 ibi
367 3887 435 3924 crant
450 3877 546 3936 Gracci,
556 3887 581 3924 ct
597 3892 655 3924 mox
667 3874 757 3922 dicitur
801 3873 935 3930 lanx,·sed
949 3874 970 3920 si
988 3872 1162 3922 adhortabatur
1179 3889 1237 3920 suos
1254 3874 1310 3918 Por·

251 3956 417 4004 Thessalorum
430 3941 565 4019 equitatus,
580 3971 597 4002 a
609 3956 668 4003 lecto
681 3969 757 4000 cornu
800 3969 856 4000 mus
873 3953 905 4000 ad
924 3951 1088 4017 peragendam
1106 3951 1245 4011 victoriam,
1259 3965 1308 4000 nou

246 4035 310 4084 brevi
329 4033 409 4097 spatio
423 4033 596 4098 disjunctus...
613 4033 693 4081 obvios
713 4048 756 4079 ex·
801 4041 849 4080 tam
862 4031 927 4080 hona
942 4031 1071 4080 occasione
1086 4030 1192 4095 segniter
1203 4047 1263 4078 usus
1273 4046 1310 4078 co·

245 4112 517 4180 «peranteriorum.
531 4112 571 4159 58.
800 4121 850 4158 cet:
868 4111 950 4174 itaque
970 4113 1051 4160 laisan
1071 4111 1118 4176 leg.
1138 4110 1220 4158 adhuc
1235 4109 1310 4159 cunti
