<?xml version="1.0" encoding="UTF-8"?>
<!DOCTYPE html PUBLIC "-//W3C//DTD XHTML 1.0 Transitional//EN"
    "http://www.w3.org/TR/xhtml1/DTD/xhtml1-transitional.dtd">
<html xmlns="http://www.w3.org/1999/xhtml" xml:lang="en" lang="en">
 <head>
  <title>
</title>
<meta http-equiv="Content-Type" content="text/html;charset=utf-8" />
  <meta name='ocr-system' content='tesseract 3.04.00' />
  <meta name='ocr-capabilities' content='ocr_page ocr_carea ocr_par ocr_line ocrx_word'/>
</head>
<body>
  <div class='ocr_page' id='page_1' title='image "./titusliviuspata02freigoog_0414.png"; bbox 0 0 2976 4712; ppageno 0'>
   <div class='ocr_carea' id='block_1_1' title="bbox 501 384 1246 470">
    <p class='ocr_par' dir='ltr' id='par_1_1' title="bbox 501 384 1246 470">
     <span class='ocr_line' id='line_1_1' title="bbox 501 384 1246 470; baseline 0.008 -20"><span class='ocrx_word' id='word_1_1' title='bbox 501 385 771 452; x_wconf 88' lang='lat' dir='ltr'>LIBRORUM</span> <span class='ocrx_word' id='word_1_2' title='bbox 801 387 941 454; x_wconf 86' lang='lat' dir='ltr'>LIVII.</span> <span class='ocrx_word' id='word_1_3' title='bbox 1174 384 1246 470; x_wconf 70' lang='lat'>405</span> 
     </span>
    </p>
   </div>
   <div class='ocr_carea' id='block_1_2' title="bbox 187 491 1312 1482">
    <p class='ocr_par' dir='ltr' id='par_1_2' title="bbox 187 491 1312 1482">
     <span class='ocr_line' id='line_1_2' title="bbox 188 491 1246 601; baseline 0.003 -27"><span class='ocrx_word' id='word_1_4' title='bbox 188 508 285 601; x_wconf 88' lang='lat' dir='ltr'>genti</span> <span class='ocrx_word' id='word_1_5' title='bbox 294 503 376 576; x_wconf 83' lang='lat' dir='ltr'>lacti</span> <span class='ocrx_word' id='word_1_6' title='bbox 390 502 549 574; x_wconf 83' lang='lat' dir='ltr'>haberet.</span> <span class='ocrx_word' id='word_1_7' title='bbox 563 510 723 575; x_wconf 90' lang='lat' dir='ltr'>Lustroa</span> <span class='ocrx_word' id='word_1_8' title='bbox 739 491 947 584; x_wconf 80' lang='lat' dir='ltr'>censoribus</span> <span class='ocrx_word' id='word_1_9' title='bbox 961 507 1126 592; x_wconf 85' lang='lat' dir='ltr'>condito,</span> <span class='ocrx_word' id='word_1_10' title='bbox 1142 531 1246 580; x_wconf 87' lang='lat' dir='ltr'>censa</span> 
     </span>
     <span class='ocr_line' id='line_1_3' title="bbox 187 615 1288 714; baseline 0 -28"><span class='ocrx_word' id='word_1_11' title='bbox 187 633 272 688; x_wconf 90' lang='lat' dir='ltr'>sunt</span> <span class='ocrx_word' id='word_1_12' title='bbox 289 617 404 714; x_wconf 89' lang='lat' dir='ltr'>capita</span> <span class='ocrx_word' id='word_1_13' title='bbox 421 617 551 686; x_wconf 88' lang='lat' dir='ltr'>civium</span> <span class='ocrx_word' id='word_1_14' title='bbox 568 615 722 699; x_wconf 75' lang='lat' dir='ltr'>ducenta</span> <span class='ocrx_word' id='word_1_15' title='bbox 736 618 960 713; x_wconf 84' lang='lat' dir='ltr'>septuaginta</span> <span class='ocrx_word' id='word_1_16' title='bbox 980 642 1094 687; x_wconf 91' lang='lat' dir='ltr'>unum</span> <span class='ocrx_word' id='word_1_17' title='bbox 1111 617 1244 705; x_wconf 89' lang='lat' dir='ltr'>millia,</span> <span class='ocrx_word' id='word_1_18' title='bbox 1283 635 1288 650; x_wconf 77' lang='lat'>‘</span> 
     </span>
     <span class='ocr_line' id='line_1_4' title="bbox 188 719 1245 825; baseline 0.003 -30"><span class='ocrx_word' id='word_1_19' title='bbox 188 724 342 796; x_wconf 83' lang='lat' dir='ltr'><strong>ducenta</strong></span> <span class='ocrx_word' id='word_1_20' title='bbox 355 725 479 820; x_wconf 88' lang='lat' dir='ltr'>viginti</span> <span class='ocrx_word' id='word_1_21' title='bbox 492 740 661 821; x_wconf 88' lang='lat' dir='ltr'>quatuor.</span> <span class='ocrx_word' id='word_1_22' title='bbox 675 730 765 796; x_wconf 90' lang='lat' dir='ltr'>Cum</span> <span class='ocrx_word' id='word_1_23' title='bbox 776 725 983 814; x_wconf 66' lang='lat' dir='ltr'>Ptolemaeo,</span> <span class='ocrx_word' id='word_1_24' title='bbox 994 729 1135 825; x_wconf 87' lang='lat' dir='ltr'>AEgypti</span> <span class='ocrx_word' id='word_1_25' title='bbox 1144 719 1245 824; x_wconf 85' lang='lat' dir='ltr'>rege,</span> 
     </span>
     <span class='ocr_line' id='line_1_5' title="bbox 188 834 1248 932; baseline 0.005 -30"><span class='ocrx_word' id='word_1_26' title='bbox 188 835 337 906; x_wconf 86' lang='lat' dir='ltr'>societas</span> <span class='ocrx_word' id='word_1_27' title='bbox 360 834 483 929; x_wconf 89' lang='lat' dir='ltr'>juncta</span> <span class='ocrx_word' id='word_1_28' title='bbox 505 849 567 905; x_wconf 87' lang='lat' dir='ltr'>est.</span> <span class='ocrx_word' id='word_1_29' title='bbox 588 835 749 923; x_wconf 85' lang='lat' dir='ltr'>Sextilia,</span> <span class='ocrx_word' id='word_1_30' title='bbox 772 836 873 932; x_wconf 89' lang='lat' dir='ltr'>virgo</span> <span class='ocrx_word' id='word_1_31' title='bbox 891 837 1061 925; x_wconf 85' lang='lat' dir='ltr'><strong>Vestalis,</strong></span> <span class='ocrx_word' id='word_1_32' title='bbox 1080 837 1248 908; x_wconf 88' lang='lat' dir='ltr'>damnata</span> 
     </span>
     <span class='ocr_line' id='line_1_6' title="bbox 187 941 1248 1030; baseline 0 -16"><span class='ocrx_word' id='word_1_33' title='bbox 187 946 330 1030; x_wconf 80' lang='lat' dir='ltr'>incesti,</span> <span class='ocrx_word' id='word_1_34' title='bbox 350 944 427 1012; x_wconf 75' lang='lat' dir='ltr'>riva</span> <span class='ocrx_word' id='word_1_35' title='bbox 448 941 587 1015; x_wconf 87' lang='lat' dir='ltr'>delossa</span> <span class='ocrx_word' id='word_1_36' title='bbox 606 959 669 1014; x_wconf 89' lang='lat' dir='ltr'>est.</span> <span class='ocrx_word' id='word_1_37' title='bbox 691 943 1030 1026; x_wconf 16' lang='lat' dir='ltr'>Coloniaevdeductae</span> <span class='ocrx_word' id='word_1_38' title='bbox 1052 961 1136 1016; x_wconf 90' lang='lat' dir='ltr'>sunt</span> <span class='ocrx_word' id='word_1_39' title='bbox 1153 949 1248 1017; x_wconf 90' lang='lat' dir='ltr'>Posi-</span> 
     </span>
     <span class='ocr_line' id='line_1_7' title="bbox 188 1049 1275 1152; baseline 0.004 -30"><span class='ocrx_word' id='word_1_40' title='bbox 188 1054 295 1128; x_wconf 90' lang='lat' dir='ltr'>‹lonia</span> <span class='ocrx_word' id='word_1_41' title='bbox 311 1069 347 1124; x_wconf 91' lang='lat' dir='ltr'>et</span> <span class='ocrx_word' id='word_1_42' title='bbox 357 1050 480 1124; x_wconf 80' lang='lat' dir='ltr'>Cosa³.</span> <span class='ocrx_word' id='word_1_43' title='bbox 491 1053 834 1152; x_wconf 80' lang='lat' dir='ltr'>Carthaginiensium</span> <span class='ocrx_word' id='word_1_44' title='bbox 851 1054 969 1125; x_wconf 91' lang='lat' dir='ltr'>classis</span> <span class='ocrx_word' id='word_1_45' title='bbox 986 1054 1117 1125; x_wconf 86' lang='lat' dir='ltr'>auxilio</span> <span class='ocrx_word' id='word_1_46' title='bbox 1126 1060 1259 1126; x_wconf 66' lang='lat' dir='ltr'>Taren-1</span> <span class='ocrx_word' id='word_1_47' title='bbox 1273 1049 1275 1054; x_wconf 57' lang='grc'>’</span> 
     </span>
     <span class='ocr_line' id='line_1_8' title="bbox 187 1163 1251 1255; baseline 0 -21"><span class='ocrx_word' id='word_1_48' title='bbox 187 1165 273 1252; x_wconf 87' lang='lat' dir='ltr'>tinis</span> <span class='ocrx_word' id='word_1_49' title='bbox 289 1167 423 1234; x_wconf 74' lang='lat' dir='ltr'>venitl.</span> <span class='ocrx_word' id='word_1_50' title='bbox 443 1168 526 1255; x_wconf 88' lang='lat' dir='ltr'>Quo</span> <span class='ocrx_word' id='word_1_51' title='bbox 545 1163 638 1235; x_wconf 89' lang='lat' dir='ltr'>lacto</span> <span class='ocrx_word' id='word_1_52' title='bbox 657 1164 702 1235; x_wconf 92' lang='lat' dir='ltr'>ab</span> <span class='ocrx_word' id='word_1_53' title='bbox 722 1167 764 1235; x_wconf 90' lang='lat' dir='ltr'>iis</span> <span class='ocrx_word' id='word_1_54' title='bbox 782 1163 903 1236; x_wconf 85' lang='lat' dir='ltr'>foedus</span> <span class='ocrx_word' id='word_1_55' title='bbox 917 1165 1086 1236; x_wconf 87' lang='lat' dir='ltr'>violatum</span> <span class='ocrx_word' id='word_1_56' title='bbox 1103 1180 1165 1236; x_wconf 90' lang='lat' dir='ltr'>est.</span> <span class='ocrx_word' id='word_1_57' title='bbox 1181 1170 1251 1235; x_wconf 88' lang='lat' dir='ltr'>Res</span> 
     </span>
     <span class='ocr_line' id='line_1_9' title="bbox 189 1264 1312 1371; baseline -0.001 -28"><span class='ocrx_word' id='word_1_58' title='bbox 189 1289 358 1371; x_wconf 86' lang='lat' dir='ltr'>praeterea</span> <span class='ocrx_word' id='word_1_59' title='bbox 374 1288 500 1344; x_wconf 90' lang='lat' dir='ltr'>contra</span> <span class='ocrx_word' id='word_1_60' title='bbox 519 1279 700 1362; x_wconf 86' lang='lat' dir='ltr'>Lucanos,</span> <span class='ocrx_word' id='word_1_61' title='bbox 720 1276 914 1359; x_wconf 83' lang='lat' dir='ltr'>Samnites,</span> <span class='ocrx_word' id='word_1_62' title='bbox 937 1288 973 1344; x_wconf 87' lang='lat' dir='ltr'>et</span> <span class='ocrx_word' id='word_1_63' title='bbox 995 1276 1150 1345; x_wconf 88' lang='lat' dir='ltr'>Bruttios</span> <span class='ocrx_word' id='word_1_64' title='bbox 1173 1264 1252 1344; x_wconf 24' lang='lat' dir='ltr'>feli-r</span> <span class='ocrx_word' id='word_1_65' title='bbox 1291 1289 1312 1312; x_wconf 43' lang='lat'>*¹</span> 
     </span>
     <span class='ocr_line' id='line_1_10' title="bbox 189 1383 1196 1482; baseline 0.002 -29"><span class='ocrx_word' id='word_1_66' title='bbox 189 1385 276 1453; x_wconf 91' lang='lat' dir='ltr'>citer</span> <span class='ocrx_word' id='word_1_67' title='bbox 290 1399 423 1480; x_wconf 88' lang='lat' dir='ltr'>gestas,</span> <span class='ocrx_word' id='word_1_68' title='bbox 442 1399 477 1454; x_wconf 91' lang='lat' dir='ltr'>et</span> <span class='ocrx_word' id='word_1_69' title='bbox 494 1383 620 1482; x_wconf 87' lang='lat' dir='ltr'>Pyrrhi</span> <span class='ocrx_word' id='word_1_70' title='bbox 638 1387 732 1482; x_wconf 87' lang='lat' dir='ltr'>regis</span> <span class='ocrx_word' id='word_1_71' title='bbox 748 1400 904 1456; x_wconf 68' lang='lat' dir='ltr'>mortem&gt;</span> <span class='ocrx_word' id='word_1_72' title='bbox 920 1385 1110 1455; x_wconf 84' lang='lat' dir='ltr'>continet·</span> <span class='ocrx_word' id='word_1_73' title='bbox 1195 1465 1196 1468; x_wconf 8' lang='grc' dir='ltr'><strong>Ἴ</strong></span> 
     </span>
    </p>
   </div>
   <div class='ocr_carea' id='block_1_3' title="bbox 461 1627 977 1694">
    <p class='ocr_par' dir='ltr' id='par_1_3' title="bbox 461 1627 977 1694">
     <span class='ocr_line' id='line_1_11' title="bbox 461 1627 977 1694; baseline -0.004 -1"><span class='ocrx_word' id='word_1_74' title='bbox 461 1627 689 1694; x_wconf 86' lang='lat' dir='ltr'>EPITOME</span> <span class='ocrx_word' id='word_1_75' title='bbox 723 1629 863 1693; x_wconf 86' lang='lat' dir='ltr'>LIBRI</span> <span class='ocrx_word' id='word_1_76' title='bbox 895 1628 977 1693; x_wconf 83' lang='lat' dir='ltr'>XV.</span> 
     </span>
    </p>
   </div>
   <div class='ocr_carea' id='block_1_4' title="bbox 191 1832 1257 2902">
    <p class='ocr_par' dir='ltr' id='par_1_4' title="bbox 191 1832 1257 2902">
     <span class='ocr_line' id='line_1_12' title="bbox 239 1832 1256 1932; baseline -0.002 -28"><span class='ocrx_word' id='word_1_77' title='bbox 239 1835 349 1904; x_wconf 91' lang='lat' dir='ltr'>Victis</span> <span class='ocrx_word' id='word_1_78' title='bbox 361 1835 561 1905; x_wconf 87' lang='lat' dir='ltr'>Tarentinis</span> <span class='ocrx_word' id='word_1_79' title='bbox 573 1859 641 1932; x_wconf 88' lang='lat' dir='ltr'>pax</span> <span class='ocrx_word' id='word_1_80' title='bbox 655 1850 690 1904; x_wconf 90' lang='lat' dir='ltr'>et</span> <span class='ocrx_word' id='word_1_81' title='bbox 705 1833 849 1904; x_wconf 90' lang='lat' dir='ltr'>libertas</span> <span class='ocrx_word' id='word_1_82' title='bbox 863 1832 943 1904; x_wconf 89' lang='lat' dir='ltr'>data</span> <span class='ocrx_word' id='word_1_83' title='bbox 956 1848 1020 1904; x_wconf 89' lang='lat' dir='ltr'>est.</span> <span class='ocrx_word' id='word_1_84' title='bbox 1033 1835 1143 1930; x_wconf 85' lang='lat' dir='ltr'>Legio</span> <span class='ocrx_word' id='word_1_85' title='bbox 1153 1837 1256 1905; x_wconf 79' lang='lat' dir='ltr'>Cam</span> 
     </span>
     <span class='ocr_line' id='line_1_13' title="bbox 191 1941 1252 2042; baseline 0 -30"><span class='ocrx_word' id='word_1_86' title='bbox 191 1968 302 2041; x_wconf 90' lang='lat' dir='ltr'>pana,</span> <span class='ocrx_word' id='word_1_87' title='bbox 316 1968 397 2041; x_wconf 87' lang='lat' dir='ltr'>quae</span> <span class='ocrx_word' id='word_1_88' title='bbox 409 1943 585 2041; x_wconf 86' lang='lat' dir='ltr'>Rhegium</span> <span class='ocrx_word' id='word_1_89' title='bbox 597 1955 608 1984; x_wconf 92' lang='lat'>¹</span> <span class='ocrx_word' id='word_1_90' title='bbox 626 1957 879 2042; x_wconf 88' lang='lat' dir='ltr'>occupaverat,</span> <span class='ocrx_word' id='word_1_91' title='bbox 893 1942 1053 2030; x_wconf 89' lang='lat' dir='ltr'>obsessa,</span> <span class='ocrx_word' id='word_1_92' title='bbox 1068 1941 1252 2013; x_wconf 85' lang='lat' dir='ltr'>deditione</span> 
     </span>
     <span class='ocr_line' id='line_1_14' title="bbox 193 2051 1252 2150; baseline 0.002 -31"><span class='ocrx_word' id='word_1_93' title='bbox 193 2051 296 2138; x_wconf 86' lang='lat' dir='ltr'>lacta,</span> <span class='ocrx_word' id='word_1_94' title='bbox 324 2054 439 2122; x_wconf 88' lang='lat' dir='ltr'>securi</span> <span class='ocrx_word' id='word_1_95' title='bbox 466 2077 631 2150; x_wconf 92' lang='lat' dir='ltr'>percussa</span> <span class='ocrx_word' id='word_1_96' title='bbox 657 2067 719 2122; x_wconf 88' lang='lat' dir='ltr'>est.</span> <span class='ocrx_word' id='word_1_97' title='bbox 740 2055 863 2144; x_wconf 90' lang='lat' dir='ltr'>Quum</span> <span class='ocrx_word' id='word_1_98' title='bbox 888 2052 1025 2149; x_wconf 88' lang='lat' dir='ltr'>legatos</span> <span class='ocrx_word' id='word_1_99' title='bbox 1044 2051 1252 2147; x_wconf 77' lang='lat' dir='ltr'>Apollonia-</span> 
     </span>
     <span class='ocr_line' id='line_1_15' title="bbox 192 2159 1254 2260; baseline 0.003 -32"><span class='ocrx_word' id='word_1_100' title='bbox 192 2159 283 2230; x_wconf 89' lang='lat' dir='ltr'>tium</span> <span class='ocrx_word' id='word_1_101' title='bbox 301 2159 346 2230; x_wconf 90' lang='lat' dir='ltr'>ad</span> <span class='ocrx_word' id='word_1_102' title='bbox 368 2178 531 2235; x_wconf 90' lang='lat' dir='ltr'>senatum</span> <span class='ocrx_word' id='word_1_103' title='bbox 554 2165 681 2233; x_wconf 89' lang='lat' dir='ltr'>missos</span> <span class='ocrx_word' id='word_1_104' title='bbox 705 2161 851 2260; x_wconf 89' lang='lat' dir='ltr'>quidam</span> <span class='ocrx_word' id='word_1_105' title='bbox 865 2162 1015 2257; x_wconf 87' lang='lat' dir='ltr'>juvenes</span> <span class='ocrx_word' id='word_1_106' title='bbox 1035 2161 1254 2258; x_wconf 85' lang='lat' dir='ltr'>pulsassent,</span> 
     </span>
     <span class='ocr_line' id='line_1_16' title="bbox 192 2269 1254 2369; baseline 0.002 -31"><span class='ocrx_word' id='word_1_107' title='bbox 192 2269 303 2339; x_wconf 89' lang='lat' dir='ltr'>dediti</span> <span class='ocrx_word' id='word_1_108' title='bbox 321 2285 406 2341; x_wconf 89' lang='lat' dir='ltr'>suut</span> <span class='ocrx_word' id='word_1_109' title='bbox 418 2271 712 2368; x_wconf 87' lang='lat' dir='ltr'>Apolloniatibus.</span> <span class='ocrx_word' id='word_1_110' title='bbox 736 2272 941 2344; x_wconf 89' lang='lat' dir='ltr'>Picentibus</span> <span class='ocrx_word' id='word_1_111' title='bbox 965 2273 1064 2343; x_wconf 89' lang='lat' dir='ltr'>victis</span> <span class='ocrx_word' id='word_1_112' title='bbox 1082 2296 1152 2369; x_wconf 78' lang='lat' dir='ltr'>par</span> <span class='ocrx_word' id='word_1_113' title='bbox 1172 2271 1254 2342; x_wconf 83' lang='lat' dir='ltr'>data</span> 
     </span>
     <span class='ocr_line' id='line_1_17' title="bbox 193 2380 1255 2470; baseline 0.001 -21"><span class='ocrx_word' id='word_1_114' title='bbox 193 2394 256 2449; x_wconf 89' lang='lat' dir='ltr'>est.</span> <span class='ocrx_word' id='word_1_115' title='bbox 270 2380 427 2450; x_wconf 86' lang='lat' dir='ltr'>Coloniae</span> <span class='ocrx_word' id='word_1_116' title='bbox 442 2380 604 2452; x_wconf 84' lang='lat' dir='ltr'>deduclae</span> <span class='ocrx_word' id='word_1_117' title='bbox 614 2436 623 2468; x_wconf 91' lang='lat'>,</span> <span class='ocrx_word' id='word_1_118' title='bbox 633 2383 856 2452; x_wconf 81' lang='lat' dir='ltr'>Ariminum²</span> <span class='ocrx_word' id='word_1_119' title='bbox 869 2385 905 2452; x_wconf 92' lang='lat' dir='ltr'>in</span> <span class='ocrx_word' id='word_1_120' title='bbox 915 2385 1065 2470; x_wconf 88' lang='lat' dir='ltr'>Piceno,</span> <span class='ocrx_word' id='word_1_121' title='bbox 1077 2388 1255 2451; x_wconf 85' lang='lat' dir='ltr'>Beneven-</span> 
     </span>
     <span class='ocr_line' id='line_1_18' title="bbox 194 2473 1253 2589; baseline -0.002 -29"><span class='ocrx_word' id='word_1_122' title='bbox 194 2503 270 2560; x_wconf 88' lang='lat' dir='ltr'>tum</span> <span class='ocrx_word' id='word_1_123' title='bbox 291 2492 329 2559; x_wconf 88' lang='lat' dir='ltr'>in</span> <span class='ocrx_word' id='word_1_124' title='bbox 351 2473 506 2561; x_wconf 77' lang='lat' dir='ltr'>Samnio.</span> <span class='ocrx_word' id='word_1_125' title='bbox 527 2497 628 2561; x_wconf 92' lang='lat' dir='ltr'>Tunc</span> <span class='ocrx_word' id='word_1_126' title='bbox 646 2494 805 2589; x_wconf 91' lang='lat' dir='ltr'>primum</span> <span class='ocrx_word' id='word_1_127' title='bbox 825 2490 982 2589; x_wconf 89' lang='lat' dir='ltr'>populus</span> <span class='ocrx_word' id='word_1_128' title='bbox 1006 2514 1178 2561; x_wconf 90' lang='lat' dir='ltr'>romanus</span> <span class='ocrx_word' id='word_1_129' title='bbox 1197 2514 1253 2560; x_wconf 89' lang='lat' dir='ltr'>ar—</span> 
     </span>
     <span class='ocr_line' id='line_1_19' title="bbox 193 2597 1254 2696; baseline -0.002 -26"><span class='ocrx_word' id='word_1_130' title='bbox 193 2615 301 2696; x_wconf 87' lang='lat' dir='ltr'>gento</span> <span class='ocrx_word' id='word_1_131' title='bbox 318 2601 371 2668; x_wconf 91' lang='lat' dir='ltr'>uti</span> <span class='ocrx_word' id='word_1_132' title='bbox 390 2597 534 2696; x_wconf 76' lang='lat' dir='ltr'>coepit3.</span> <span class='ocrx_word' id='word_1_133' title='bbox 554 2599 682 2671; x_wconf 83' lang='lat' dir='ltr'>Umbri</span> <span class='ocrx_word' id='word_1_134' title='bbox 696 2617 731 2672; x_wconf 91' lang='lat' dir='ltr'>et</span> <span class='ocrx_word' id='word_1_135' title='bbox 746 2601 932 2672; x_wconf 85' lang='lat' dir='ltr'>Sallentini</span> <span class='ocrx_word' id='word_1_136' title='bbox 948 2603 1032 2671; x_wconf 89' lang='lat' dir='ltr'>victi</span> <span class='ocrx_word' id='word_1_137' title='bbox 1048 2603 1085 2670; x_wconf 90' lang='lat' dir='ltr'>iu</span> <span class='ocrx_word' id='word_1_138' title='bbox 1104 2598 1254 2669; x_wconf 85' lang='lat' dir='ltr'>deditio-</span> 
     </span>
     <span class='ocr_line' id='line_1_20' title="bbox 193 2708 1257 2805; baseline -0.002 -27"><span class='ocrx_word' id='word_1_139' title='bbox 193 2733 275 2778; x_wconf 89' lang='lat' dir='ltr'>nem</span> <span class='ocrx_word' id='word_1_140' title='bbox 301 2711 437 2805; x_wconf 89' lang='lat' dir='ltr'>accepti</span> <span class='ocrx_word' id='word_1_141' title='bbox 462 2724 555 2778; x_wconf 89' lang='lat' dir='ltr'>sunt.</span> <span class='ocrx_word' id='word_1_142' title='bbox 586 2712 814 2799; x_wconf 88' lang='lat' dir='ltr'>Quaestorum</span> <span class='ocrx_word' id='word_1_143' title='bbox 842 2711 1039 2784; x_wconf 72' lang='lat' dir='ltr'>numerusl</span> <span class='ocrx_word' id='word_1_144' title='bbox 1067 2708 1257 2805; x_wconf 82' lang='lat' dir='ltr'>ampliatus</span> 
     </span>
     <span class='ocr_line' id='line_1_21' title="bbox 195 2832 575 2902; baseline 0.005 -14"><span class='ocrx_word' id='word_1_145' title='bbox 195 2833 265 2902; x_wconf 89' lang='lat' dir='ltr'>est,</span> <span class='ocrx_word' id='word_1_146' title='bbox 283 2832 324 2887; x_wconf 90' lang='lat' dir='ltr'>ut</span> <span class='ocrx_word' id='word_1_147' title='bbox 345 2833 462 2889; x_wconf 90' lang='lat' dir='ltr'>essent</span> <span class='ocrx_word' id='word_1_148' title='bbox 479 2833 575 2890; x_wconf 54' lang='lat' dir='ltr'>octo„</span> 
     </span>
    </p>
   </div>
   <div class='ocr_carea' id='block_1_5' title="bbox 454 3042 984 3124">
    <p class='ocr_par' dir='ltr' id='par_1_5' title="bbox 454 3042 984 3124">
     <span class='ocr_line' id='line_1_22' title="bbox 454 3042 984 3124; baseline -0.002 -2"><span class='ocrx_word' id='word_1_149' title='bbox 454 3057 678 3124; x_wconf 88' lang='lat' dir='ltr'>EPITOME</span> <span class='ocrx_word' id='word_1_150' title='bbox 708 3057 848 3124; x_wconf 90' lang='lat' dir='ltr'>LIBRI</span> <span class='ocrx_word' id='word_1_151' title='bbox 880 3042 984 3124; x_wconf 53' lang='lat' dir='ltr'>XVI,</span> 
     </span>
    </p>
   </div>
   <div class='ocr_carea' id='block_1_6' title="bbox 197 3259 1269 3469">
    <p class='ocr_par' dir='ltr' id='par_1_6' title="bbox 197 3259 1269 3469">
     <span class='ocr_line' id='line_1_23' title="bbox 244 3259 1255 3359; baseline 0.003 -29"><span class='ocrx_word' id='word_1_152' title='bbox 244 3262 353 3357; x_wconf 85' lang='lat' dir='ltr'>Origo</span> <span class='ocrx_word' id='word_1_153' title='bbox 376 3259 721 3358; x_wconf 87' lang='lat' dir='ltr'>Carthaginiensium</span> <span class='ocrx_word' id='word_1_154' title='bbox 742 3276 778 3332; x_wconf 90' lang='lat' dir='ltr'>et</span> <span class='ocrx_word' id='word_1_155' title='bbox 797 3262 989 3359; x_wconf 90' lang='lat' dir='ltr'>primordia</span> <span class='ocrx_word' id='word_1_156' title='bbox 1008 3260 1108 3332; x_wconf 93' lang='lat' dir='ltr'>urbis</span> <span class='ocrx_word' id='word_1_157' title='bbox 1129 3286 1255 3333; x_wconf 89' lang='lat' dir='ltr'>eorum</span> 
     </span>
     <span class='ocr_line' id='line_1_24' title="bbox 197 3368 1269 3469; baseline 0.006 -32"><span class='ocrx_word' id='word_1_158' title='bbox 197 3368 424 3455; x_wconf 81' lang='lat' dir='ltr'>referuntur3</span> <span class='ocrx_word' id='word_1_159' title='bbox 445 3383 570 3441; x_wconf 91' lang='lat' dir='ltr'>contra</span> <span class='ocrx_word' id='word_1_160' title='bbox 590 3396 683 3469; x_wconf 91' lang='lat' dir='ltr'>quos</span> <span class='ocrx_word' id='word_1_161' title='bbox 703 3387 738 3443; x_wconf 93' lang='lat' dir='ltr'>et</span> <span class='ocrx_word' id='word_1_162' title='bbox 755 3373 950 3444; x_wconf 88' lang='lat' dir='ltr'>Hieronem</span> <span class='ocrx_word' id='word_1_163' title='bbox 968 3396 1089 3468; x_wconf 84' lang='lat' dir='ltr'>regem</span> <span class='ocrx_word' id='word_1_164' title='bbox 1107 3375 1269 3468; x_wconf 79' lang='lat' dir='ltr'>Syracu·</span> 
     </span>
    </p>
   </div>
   <div class='ocr_carea' id='block_1_7' title="bbox 196 3583 1269 4195">
    <p class='ocr_par' dir='ltr' id='par_1_7' title="bbox 197 3583 1269 3814">
     <span class='ocr_line' id='line_1_25' title="bbox 233 3583 1269 3647; baseline 0.007 -20"><span class='ocrx_word' id='word_1_165' title='bbox 233 3585 255 3628; x_wconf 81' lang='lat'>3.</span> <span class='ocrx_word' id='word_1_166' title='bbox 269 3583 331 3629; x_wconf 86' lang='lat' dir='ltr'>Cosa</span> <span class='ocrx_word' id='word_1_167' title='bbox 337 3601 347 3638; x_wconf 90' lang='lat'><em>;</em></span> <span class='ocrx_word' id='word_1_168' title='bbox 368 3584 425 3630; x_wconf 76' lang='lat' dir='ltr'>oliui</span> <span class='ocrx_word' id='word_1_169' title='bbox 438 3585 562 3647; x_wconf 80' lang='lat' dir='ltr'>legebatur</span> <span class='ocrx_word' id='word_1_170' title='bbox 572 3585 650 3633; x_wconf 82' lang='lat' dir='ltr'>Coma</span> <span class='ocrx_word' id='word_1_171' title='bbox 662 3597 704 3634; x_wconf 82' lang='lat' dir='ltr'>aut</span> <span class='ocrx_word' id='word_1_172' title='bbox 747 3588 811 3642; x_wconf 69' lang='lat' dir='ltr'>Pie,</span> <span class='ocrx_word' id='word_1_173' title='bbox 824 3591 990 3643; x_wconf 80' lang='lat' dir='ltr'>Beneventum,</span> <span class='ocrx_word' id='word_1_174' title='bbox 1000 3598 1045 3636; x_wconf 82' lang='lat' dir='ltr'>etc.</span> <span class='ocrx_word' id='word_1_175' title='bbox 1059 3588 1160 3636; x_wconf 73' lang='lat' dir='ltr'>ctvut</span> <span class='ocrx_word' id='word_1_176' title='bbox 1171 3589 1198 3644; x_wconf 89' lang='lat'>1,</span> <span class='ocrx_word' id='word_1_177' title='bbox 1216 3585 1269 3644; x_wconf 60' lang='grc' dir='ltr'>μί’..</span> 
     </span>
     <span class='ocr_line' id='line_1_26' title="bbox 199 3660 1256 3732; baseline 0.012 -28"><span class='ocrx_word' id='word_1_178' title='bbox 199 3660 289 3716; x_wconf 74' lang='lat' dir='ltr'>Consra</span> <span class='ocrx_word' id='word_1_179' title='bbox 309 3661 377 3722; x_wconf 90' lang='lat' dir='ltr'>quod</span> <span class='ocrx_word' id='word_1_180' title='bbox 394 3662 508 3724; x_wconf 81' lang='lat' dir='ltr'>Sigonius</span> <span class='ocrx_word' id='word_1_181' title='bbox 522 3663 659 3711; x_wconf 81' lang='lat' dir='ltr'>emendavit</span> <span class='ocrx_word' id='word_1_182' title='bbox 672 3680 704 3711; x_wconf 86' lang='lat' dir='ltr'>ex</span> <span class='ocrx_word' id='word_1_183' title='bbox 782 3669 806 3716; x_wconf 79' lang='lat'>3.</span> <span class='ocrx_word' id='word_1_184' title='bbox 820 3669 929 3732; x_wconf 78' lang='lat' dir='ltr'>Argenta</span> <span class='ocrx_word' id='word_1_185' title='bbox 939 3667 976 3714; x_wconf 89' lang='lat' dir='ltr'>uti</span> <span class='ocrx_word' id='word_1_186' title='bbox 987 3667 1169 3731; x_wconf 80' lang='lat' dir='ltr'>coepitsIgnato.</span> <span class='ocrx_word' id='word_1_187' title='bbox 1183 3666 1256 3716; x_wconf 49' lang='lat' dir='ltr'>Conlt</span> 
     </span>
     <span class='ocr_line' id='line_1_27' title="bbox 197 3736 1237 3814; baseline 0.013 -33"><span class='ocrx_word' id='word_1_188' title='bbox 197 3736 261 3784; x_wconf 80' lang='lat' dir='ltr'>vell.</span> <span class='ocrx_word' id='word_1_189' title='bbox 274 3739 299 3796; x_wconf 93' lang='lat' dir='ltr'>I,</span> <span class='ocrx_word' id='word_1_190' title='bbox 311 3748 335 3784; x_wconf 83' lang='lat' dir='ltr'>et</span> <span class='ocrx_word' id='word_1_191' title='bbox 344 3739 408 3786; x_wconf 58' lang='lat' dir='ltr'>I’llnt</span> <span class='ocrx_word' id='word_1_192' title='bbox 420 3742 473 3796; x_wconf 91' lang='lat' dir='ltr'>III,</span> <span class='ocrx_word' id='word_1_193' title='bbox 489 3742 514 3788; x_wconf 84' lang='lat'>5.</span> <span class='ocrx_word' id='word_1_194' title='bbox 527 3743 573 3788; x_wconf 77' lang='lat' dir='ltr'>un.</span> <span class='ocrx_word' id='word_1_195' title='bbox 749 3746 812 3792; x_wconf 88' lang='lat' dir='ltr'>Plin.</span> <span class='ocrx_word' id='word_1_196' title='bbox 824 3747 953 3805; x_wconf 80' lang='lat' dir='ltr'>xxxm,</span> <span class='ocrx_word' id='word_1_197' title='bbox 968 3747 993 3792; x_wconf 77' lang='lat'>3.</span> <span class='ocrx_word' id='word_1_198' title='bbox 1099 3760 1101 3768; x_wconf 71' lang='lat'><strong>¹</strong></span> <span class='ocrx_word' id='word_1_199' title='bbox 1235 3807 1237 3814; x_wconf 28' lang='grc' dir='ltr'>Ι</span> 
     </span>
    </p>

    <p class='ocr_par' dir='ltr' id='par_1_8' title="bbox 196 3814 1255 3951">
     <span class='ocr_line' id='line_1_28' title="bbox 234 3814 1255 3880; baseline 0.001 -19"><span class='ocrx_word' id='word_1_200' title='bbox 234 3823 257 3870; x_wconf 73' lang='lat' dir='ltr'>t.</span> <span class='ocrx_word' id='word_1_201' title='bbox 277 3815 379 3863; x_wconf 78' lang='lat' dir='ltr'>Auxilio</span> <span class='ocrx_word' id='word_1_202' title='bbox 395 3817 530 3865; x_wconf 80' lang='lat' dir='ltr'>Tarentinis</span> <span class='ocrx_word' id='word_1_203' title='bbox 546 3818 633 3875; x_wconf 56' lang='lat' dir='ltr'>verriu</span> <span class='ocrx_word' id='word_1_204' title='bbox 650 3819 705 3867; x_wconf 81' lang='lat' dir='ltr'>vide</span> <span class='ocrx_word' id='word_1_205' title='bbox 786 3823 809 3871; x_wconf 74' lang='grc'>4.</span> <span class='ocrx_word' id='word_1_206' title='bbox 822 3817 973 3878; x_wconf 84' lang='lat' dir='ltr'>Quoestorum</span> <span class='ocrx_word' id='word_1_207' title='bbox 983 3830 1094 3863; x_wconf 83' lang='lat' dir='ltr'>numerus</span> <span class='ocrx_word' id='word_1_208' title='bbox 1108 3814 1255 3880; x_wconf 78' lang='lat' dir='ltr'>ampliatur,</span> 
     </span>
     <span class='ocr_line' id='line_1_29' title="bbox 196 3892 1255 3951; baseline 0.003 -13"><span class='ocrx_word' id='word_1_209' title='bbox 196 3892 228 3939; x_wconf 80' lang='lat' dir='ltr'>ad</span> <span class='ocrx_word' id='word_1_210' title='bbox 241 3893 293 3940; x_wconf 75' lang='lat' dir='ltr'>liv.</span> <span class='ocrx_word' id='word_1_211' title='bbox 303 3895 380 3951; x_wconf 77' lang='lat' dir='ltr'>XXI,</span> <span class='ocrx_word' id='word_1_212' title='bbox 391 3909 435 3951; x_wconf 87' lang='lat' dir='ltr'>ro,</span> <span class='ocrx_word' id='word_1_213' title='bbox 454 3910 478 3944; x_wconf 89' lang='lat' dir='ltr'>n.</span> <span class='ocrx_word' id='word_1_214' title='bbox 489 3911 529 3944; x_wconf 88' lang='lat' dir='ltr'>ro.</span> <span class='ocrx_word' id='word_1_215' title='bbox 751 3907 797 3944; x_wconf 81' lang='lat' dir='ltr'>etc.</span> <span class='ocrx_word' id='word_1_216' title='bbox 811 3896 866 3942; x_wconf 85' lang='lat' dir='ltr'>vide</span> <span class='ocrx_word' id='word_1_217' title='bbox 875 3895 906 3942; x_wconf 87' lang='lat' dir='ltr'>ad</span> <span class='ocrx_word' id='word_1_218' title='bbox 914 3895 966 3942; x_wconf 89' lang='lat' dir='ltr'>Liv.</span> <span class='ocrx_word' id='word_1_219' title='bbox 976 3896 1013 3951; x_wconf 87' lang='grc' dir='ltr'>ΙΙ,</span> <span class='ocrx_word' id='word_1_220' title='bbox 1025 3900 1066 3951; x_wconf 73' lang='lat'>41,</span> <span class='ocrx_word' id='word_1_221' title='bbox 1079 3911 1105 3942; x_wconf 91' lang='lat' dir='ltr'>n.</span> <span class='ocrx_word' id='word_1_222' title='bbox 1120 3911 1158 3941; x_wconf 67' lang='grc' dir='ltr'>ια.</span> <span class='ocrx_word' id='word_1_223' title='bbox 1173 3921 1207 3930; x_wconf 82' lang='lat'>-—</span> <span class='ocrx_word' id='word_1_224' title='bbox 1224 3897 1255 3941; x_wconf 81' lang='lat' dir='ltr'>Ue</span> 
     </span>
    </p>

    <p class='ocr_par' dir='ltr' id='par_1_9' title="bbox 199 3972 1260 4118">
     <span class='ocr_line' id='line_1_30' title="bbox 234 3972 1260 4040; baseline 0 -21"><span class='ocrx_word' id='word_1_225' title='bbox 234 3975 303 4021; x_wconf 83' lang='lat' dir='ltr'>Errr.</span> <span class='ocrx_word' id='word_1_226' title='bbox 314 3975 371 4020; x_wconf 80' lang='lat' dir='ltr'>XV.</span> <span class='ocrx_word' id='word_1_227' title='bbox 383 3989 404 4021; x_wconf 91' lang='lat' dir='ltr'>r.</span> <span class='ocrx_word' id='word_1_228' title='bbox 415 3974 489 4038; x_wconf 85' lang='lat' dir='ltr'>Legio</span> <span class='ocrx_word' id='word_1_229' title='bbox 502 3975 642 4039; x_wconf 65' lang='lat' dir='ltr'>Campana·³</span> <span class='ocrx_word' id='word_1_230' title='bbox 653 3994 708 4040; x_wconf 82' lang='lat' dir='ltr'>quoe</span> <span class='ocrx_word' id='word_1_231' title='bbox 751 3986 828 4022; x_wconf 80' lang='lat' dir='ltr'>essent</span> <span class='ocrx_word' id='word_1_232' title='bbox 844 3984 913 4029; x_wconf 84' lang='lat' dir='ltr'>oceo,·</span> <span class='ocrx_word' id='word_1_233' title='bbox 938 3989 1080 4030; x_wconf 88' lang='lat' dir='ltr'>numerum,</span> <span class='ocrx_word' id='word_1_234' title='bbox 1100 3974 1142 4037; x_wconf 90' lang='lat' dir='ltr'>qui</span> <span class='ocrx_word' id='word_1_235' title='bbox 1161 3972 1240 4021; x_wconf 82' lang='lat' dir='ltr'>deerat</span> <span class='ocrx_word' id='word_1_236' title='bbox 1253 4008 1260 4031; x_wconf 87' lang='lat'>,</span> 
     </span>
     <span class='ocr_line' id='line_1_31' title="bbox 199 4049 1257 4118; baseline -0.003 -18"><span class='ocrx_word' id='word_1_237' title='bbox 199 4051 326 4116; x_wconf 78' lang='lat' dir='ltr'>Rhegium,</span> <span class='ocrx_word' id='word_1_238' title='bbox 343 4063 389 4099; x_wconf 85' lang='lat' dir='ltr'>etc.</span> <span class='ocrx_word' id='word_1_239' title='bbox 402 4053 459 4100; x_wconf 79' lang='lat' dir='ltr'>ride</span> <span class='ocrx_word' id='word_1_240' title='bbox 470 4049 503 4100; x_wconf 78' lang='lat' dir='ltr'>ad</span> <span class='ocrx_word' id='word_1_241' title='bbox 512 4055 577 4118; x_wconf 78' lang='lat' dir='ltr'>Epit,</span> <span class='ocrx_word' id='word_1_242' title='bbox 588 4057 647 4113; x_wconf 81' lang='lat' dir='ltr'>XII,</span> <span class='ocrx_word' id='word_1_243' title='bbox 662 4058 686 4104; x_wconf 81' lang='lat'>3.</span> <span class='ocrx_word' id='word_1_244' title='bbox 750 4055 815 4104; x_wconf 88' lang='lat' dir='ltr'>hunc</span> <span class='ocrx_word' id='word_1_245' title='bbox 836 4053 924 4112; x_wconf 82' lang='lat' dir='ltr'>adjecit</span> <span class='ocrx_word' id='word_1_246' title='bbox 944 4053 1027 4115; x_wconf 81' lang='lat' dir='ltr'>SIgon.</span> <span class='ocrx_word' id='word_1_247' title='bbox 1046 4067 1076 4099; x_wconf 84' lang='lat' dir='ltr'>cx</span> <span class='ocrx_word' id='word_1_248' title='bbox 1090 4051 1168 4100; x_wconf 82' lang='lat' dir='ltr'>Taciti</span> <span class='ocrx_word' id='word_1_249' title='bbox 1190 4055 1257 4101; x_wconf 79' lang='lat' dir='ltr'>Amr.</span> 
     </span>
    </p>

    <p class='ocr_par' dir='ltr' id='par_1_10' title="bbox 236 4131 927 4195">
     <span class='ocr_line' id='line_1_32' title="bbox 236 4131 927 4195; baseline 0.003 -17"><span class='ocrx_word' id='word_1_250' title='bbox 236 4147 260 4180; x_wconf 81' lang='lat' dir='ltr'>a.</span> <span class='ocrx_word' id='word_1_251' title='bbox 282 4131 388 4179; x_wconf 73' lang='lat' dir='ltr'>Colanica</span> <span class='ocrx_word' id='word_1_252' title='bbox 401 4131 510 4180; x_wconf 69' lang='lat' dir='ltr'>deducta</span> <span class='ocrx_word' id='word_1_253' title='bbox 526 4132 663 4195; x_wconf 73' lang='lat' dir='ltr'>Ariminum</span> <span class='ocrx_word' id='word_1_254' title='bbox 682 4135 707 4182; x_wconf 87' lang='lat' dir='ltr'>in</span> <span class='ocrx_word' id='word_1_255' title='bbox 751 4136 802 4190; x_wconf 79' lang='lat' dir='ltr'>xl,</span> <span class='ocrx_word' id='word_1_256' title='bbox 822 4148 864 4179; x_wconf 79' lang='lat' dir='ltr'>aa.</span> <span class='ocrx_word' id='word_1_257' title='bbox 882 4131 927 4180; x_wconf 79' lang='lat' dir='ltr'>En.</span> 
     </span>
    </p>
   </div>
   <div class='ocr_carea' id='block_1_8' title="bbox 0 0 1505 4712">
    <p class='ocr_par' dir='ltr' id='par_1_11' title="bbox 0 0 1505 4712">
     <span class='ocr_line' id='line_1_33' title="bbox 0 0 1505 4712; baseline 0 0"><span class='ocrx_word' id='word_1_258' title='bbox 0 0 1505 4712; x_wconf 95' lang='lat' dir='ltr'> </span> 
     </span>
    </p>
   </div>
  </div>
 </body>
</html>
