2970 4712
256 343 323 434 360
676 338 714 409 Τ.
747 345 884 410 lell
1028 341 1030 346 ’
1158 325 1279 427 ῧζὲςξξζ

254 487 480 559 nequaquam
502 487 578 532 esse
604 463 916 534 contemnendum.
942 464 1198 536 Perdomuerat
1217 467 1306 536 intra

254 597 387 670 paucos
408 573 482 643 dies
507 587 599 653 terra
617 573 778 667 marique
801 570 955 644 ferocem
979 569 1138 669 locisque
1161 571 1306 646 munitis

253 679 378 753 fretam
408 697 547 779 gentem
576 680 805 775 lllyriorum:
835 705 955 777 regem
978 680 1155 779 regiaeque
1183 707 1305 753 omnes

253 794 373 890 stirpis
391 807 533 888 ceperat
549 820 556 862 :
577 790 755 866 transtulit
770 792 807 858 in
823 789 1071 887 triumphum²
1090 792 1204 863 multa
1220 792 1307 864 mili-

251 905 339 972 taria
352 904 452 1000 signa
465 903 650 998 spoliaque
663 901 730 970 alia
746 914 781 971 et
797 899 1216 998 supellectilem-regiam
1231 907 1305 974 auri

252 1011 376 1110 pondo
401 1013 526 1108 viginti
552 1027 588 1080 ot
614 1025 771 1106 septem,
804 1012 942 1104 argenti
968 1009 1092 1082 decem
1115 1026 1151 1082 et
1176 1037 1305 1083 novem

251 1121 375 1218 pondo
385 1119 417 1206 3;
433 1121 618 1191 denarium
632 1121 697 1188 tria
712 1113 889 1207 millia,'et
902 1136 1045 1191 centum
1061 1123 1184 1218 viginti
1196 1122 1305 1192 millia
1400 1189 1403 1196 .

250 1231 359 1326 Illyrii
386 1233 532 1327 argenti.
560 1234 651 1301 Ante
676 1253 821 1300 currum
847 1229 945 1300 ducti
971 1232 1122 1301 Gentius
1140 1255 1203 1301 rex
1224 1257 1304 1303 cum

250 1338 402 1435 conjuge
428 1355 464 1409 et
486 1339 625 1424 liberis,
648 1352 684 1408 et
701 1341 929 1410 Caravantius
952 1337 1060 1410 frater
1077 1343 1170 1436 regis
1187 1355 1224 1410 et
1242 1340 1304 1410 ali-

250 1463 341 1544 quot
366 1448 505 1544 nobiles
530 1448 648 1544 illyrii.
677 1451 730 1518 De
755 1447 873 1544 praeda
897 1448 1069 1520 militibus
1088 1451 1125 1519 in
1147 1451 1305 1548 singulos

250 1558 497 1654 quadragenos
515 1560 646 1655 quinos
665 1557 846 1643 denarios,
865 1556 1000 1654 duplex
1013 1559 1231 1647 centurioni,
1247 1561 1305 1630 tri·

250 1667 332 1763 plex
348 1669 480 1762 equiti,
500 1669 603 1738 sociis
620 1667 774 1736 nominis
789 1665 888 1736 latini
904 1682 1079 1762 quantum
1096 1667 1252 1754 civibus,
1270 1684 1305 1740 et

198 1777 203 1789 '
249 1779 353 1847 sociis
368 1777 553 1848 navalibus
568 1777 668 1848 dedit
680 1790 854 1872 quantum
868 1775 1049 1848 militibus.
1066 1768 1196 1848 Laetior
1208 1771 1304 1849 hunc

250 1887 473 1984 triumphum
501 1903 554 1958 est
579 1901 752 1992 sequutus
776 1885 896 1971 miles,
914 1886 1107 1984 multisque
1133 1886 1207 1956 dux
1228 1889 1303 1985 ipse

250 1996 467 2067 carminibus
499 1995 706 2068 celebratus.
741 1997 947 2066 Sestertium
978 1996 1162 2068 ducenties
1193 2021 1236 2068 ex
1263 2024 1304 2068 ea

251 2103 366 2199 praeda
384 2104 567 2176 redactum
586 2131 684 2192 esse,
707 2117 833 2177 auctor
854 2121 906 2175 est
928 2107 1069 2192 Antias,
1094 2122 1222 2204 praeter
1239 2132 1302 2178 au-

249 2237 330 2284 rum
346 2230 624 2312 argentumque,
641 2215 740 2317 quod
754 2207 792 2284 in
809 2218 971 2286 aerarium
986 2211 1157 2286 sit‘latum
1175 2245 1182 2285 ε
1204 2218 1303 2313 quod

250 2324 334 2417 quia
352 2323 449 2394 unde
467 2325 578 2422 redigi
598 2327 772 2421 potuerit,
794 2349 868 2396 non
888 2323 1098 2422 apparebat,
1116 2318 1300 2398 'auctorem

250 2456 316 2527 pro
337 2456 376 2503 re
394 2433 508 2529 posui.
535 2439 608 2504 Rex
629 2435 780 2504 Gentius
799 2458 880 2503 cum
901 2434 1020 2504 liberis
1041 2437 1248 2532 etconjuge
1267 2453 1302 2507 et

249 2538 357 2612 fratre
374 2541 570 2638 Spoletium
589 2546 625 2614 in
644 2545 840 2616 custodiam
857 2569 901 2614 ex
916 2548 1225 2617 senatusconsulto
1238 2547 1301 2616 du-

248 2780 291 2827 lib.
306 2783 377 2842 XIV,
395 2797 423 2842 1,
439 2780 477 2830 od.
495 2781 628 2845 Sobweigb.
641 2785 711 2840 XIV,
730 2791 753 2838 4.
798 2765 928 2831 semunciis
937 2786 966 2842 3;
979 2782 1075 2848 argenti
1084 2783 1199 2838 decernet
1208 2799 1298 2840 novem,

284 2876 308 2906 a.
321 2858 454 2908 Transtulit
470 2859 496 2912 in
515 2860 676 2924 triumphum
698 2861 754 2908 vide
797 2864 884 2910 marcis
893 2879 940 2924 29,
950 2864 1029 2910 unciis
1042 2865 1072 2921 5,
1082 2879 1139 2910 oum
1147 2864 1268 2911 semuncia
1278 2882 1300 2911 1.

248 2938 279 2984 ad
291 2939 413 2994 XXXIV,
425 2939 546 2997 52,n.2.
796 2940 864 2987 Idem
888 2941 988 2988 aestimat
1006 2941 1134 2988 denarirun
1153 2942 1202 2988 cria
1224 2941 1300 2990 nullia

284 3017 306 3062 3.
321 3015 385 3064 Auri
398 3017 506 3074 XXVII,
517 3019 613 3082 argenti
632 3020 713 3065 decern
731 3030 754 3069 et
797 3021 882 3067 marcis
897 3020 988 3083 argenti
1005 3021 1051 3076 46,
1067 3021 1146 3068 unciis
1167 3037 1189 3080 7.
1206 3023 1249 3068 En.
1266 3049 1300 3056 -

248 3109 331 3140 novem
352 3095 451 3157 pondo,
474 3107 521 3144 eto.
545 3097 636 3160 argenti
659 3097 752 3155 miuus,
798 3099 894 3146 Centum
908 3098 996 3162 ‘triginti
1013 3099 1090 3146 millia
1101 3098 1180 3160 Illyrii
1190 3101 1301 3164 argenti;

246 3186 318 3235 quatu
329 3173 380 3220 auri
387 3207 395 3232 ,
408 3165 505 3237 pondus
518 3174 605 3232 faisse,
617 3174 682 3221 baud
694 3191 752 3238 pro-
795 3179 868 3225 Crev.
878 3188 936 3224 nota
946 3189 997 3226 est:
1010 3200 1022 3219 α
1031 3180 1089 3230 Nou
1101 3179 1144 3232 abs
1154 3194 1180 3224 re
1193 3180 1298 3252 suspica-

246 3248 333 3309 babile.
355 3251 426 3302 Cous.
453 3252 505 3318 ipse
525 3252 576 3303 Liv.
598 3247 755 3312 XXXVIII,¹
795 3266 835 3301 tur
846 3255 975 3315 Doujatius
987 3255 1029 3303 hic
1041 3256 1171 3304 desiderari
1182 3258 1301 3304 Victoria·
1336 3299 1340 3310 ,

248 3327 289 3378 55.
314 3330 412 3380 Etiamsi
433 3329 611 3396 argenti-mille
626 3342 650 3378 ec
668 3347 751 3381 norem
795 3343 914 3397 tos,quos
924 3349 954 3380 ex
962 3334 1063 3397 Illyrico
1071 3336 1177 3398 primum
1185 3337 1299 3384 advectos

244 3406 340 3468 pondo,
357 3408 484 3459 denarium
503 3410 602 3474 triginta
623 3409 699 3461 millia
716 3410 750 3458 le·
794 3429 844 3460 esse
863 3424 979 3464 memorat
994 3414 1102 3476 Plinius,
1114 3414 1159 3462 lib.
1173 3417 1298 3472 XXXIII,

246 3500 303 3548 gas,
316 3502 364 3535 una
383 3503 439 3536 oum
456 3489 515 3536 au'ro
532 3487 642 3540 noudum
659 3489 750 3552 septiu-
794 3507 846 3555 cap.
862 3493 884 3542 3.
895 3493 1042 3546 Victoriatus
1058 3505 1139 3540 autem
1152 3504 1202 3540 erat
1214 3493 1297 3556 quina-

246 3563 311 3624 ginta
323 3564 394 3611 millia
404 3581 527 3613 nummum
538 3565 659 3624 effecerim
673 3568 750 3616 Grou.
793 3571 857 3627 rius,
869 3572 919 3618 sive
930 3572 1030 3618 dimidia
1038 3589 1094 3636 pars
1104 3572 1204 3620 denarii.
1215 3575 1298 3635 Itaque

246 3641 403 3690 Densi-lorum
421 3644 482 3692 sorte
504 3660 555 3692 non
575 3655 640 3692 tanta
660 3646 750 3692 Gentio
794 3651 1298 3714 centumvigintimilliaVietoriatorumef·

246 3720 317 3783 copia
327 3721 388 3780 luit,
400 3723 454 3785 quia
468 3723 561 3770 nummi
573 3723 667 3773 romani
677 3736 749 3782 suut;
792 3725 880 3776 ficiunt
887 3745 978 3776 marcas
988 3731 1081 3792 argenti
1091 3731 1151 3790 937,
1160 3729 1243 3777 uncias
1254 3736 1298 3784 4».

245 3797 366 3846 Dralenb.
387 3801 453 3869 Vox¹
463 3801 548 3867 pondo
577 3801 690 3858 iteratur,
721 3814 749 3851 ut
792 3806 855 3852 Vide
871 3818 982 3855 caeterum
995 3808 1027 3855 ad
1036 3810 1156 3866 XXXIV,
1173 3821 1219 3872 ro,
1236 3825 1297 3856 ω.

246 3876 372 3935 XXXVI,
389 3884 436 3937 403
452 3881 591 3937 XXXVII,
613 3881 654 3942 59,
670 3881 701 3928 al.
715 3908 749 3916 --
793 3885 1059 3950 En-Qnadragenos
1071 3886 1157 3950 quinos
1167 3885 1296 3942 denarios,

245 3953 310 4001 Auri
325 3954 414 4019 viginti
427 3964 452 4002 et
466 3969 554 4022 septem
568 3958 654 4021 pondo
673 3960 748 4030 aequi·
791 3961 818 4010 b.
835 3979 857 4012 e.
870 3981 902 4012 ex
911 3962 1298 4033 aestimatioueACreverihuucias

245 4041 314 4092 parat
339 4033 408 4082 Cres.
428 4037 512 4082 marcis
532 4037 679 4086 nostratibus
690 4036 747 4106 μα,
791 4043 883 4105 argenti
893 4045 917 4104 5,
926 4059 1021 4108 grossos
1028 4057 1074 4108 ,ut
1085 4055 1186 4104 vocant,
1201 4045 1225 4092 5.
1234 4046 1297 4094 Mox
