2970 4712
202 318 226 353 Α.
238 312 262 352 C·
278 315 322 364 1⁶7.

202 373 228 412 U.
242 377 266 415 C.
280 375 326 414 585.

415 298 564 402 irene
594 335 707 404 xiv..
730 336 834 402 etr.
860 335 997 402 xxsx.

1158 331 1224 430 3²7

174 450 340 543 versum,
369 479 442 550 qua
468 459 616 525 Perseus
644 459 811 524 tenuisset
831 459 948 538 vicos,
978 455 1150 544 castellan
1163 479 1228 553 op-

169 567 281 663 pido,
294 583 432 663 praeter
449 573 585 636 AEnum
604 583 640 636 et
654 572 869 637 Maroneam
887 584 923 636 et
939 567 1108 651 Abdera,·
1131 585 1228 640 trans

175 680 397 770 Strymonem
416 691 537 746 autem
552 681 735 770 vergentia
752 675 982 748 ael-occasum
991 729 1001 761 ,
1023 677 1229 746 Bisalticam

176 808 317 860 ornnem
336 810 416 854 cum
435 783 632 867 Heraclea,
651 809 762 880 quarn
778 787 938 856 Senticen
953 784 1145 882 appellant.
1167 789 1227 856 Ss-

176 894 328 964 cundonr
340 895 429 984 fore
452 900 629 989 regionem
641 897 668 978 ⁴,
690 919 802 990 quarn
824 893 873 966 ab
895 910 975 964 ortu
995 898 1132 988 Strymo
1153 921 1228 966 arn-

167 1003 383 1100 plecteretur
393 1011 670 1103 amnis,prceter
680 1013 832 1078 Sinticen
846 1006 1060 1077 Heracleam
1075 1024 1111 1079 et
1119 1008 1229 1078 Br'sal-

176 1130 230 1184 tas
247 1141 254 1181 :
277 1114 326 1184 ab
342 1139 470 1188 occasu
488 1141 561 1212 qua
576 1121 697 1190 Axius
715 1124 922 1188 terminaret
923 1120 1077 1214 fluvius,
1097 1119 1228 1190 additis

176 1223 385 1309 Paeontbus,
415 1230 481 1320 qui
497 1250 616 1324 prope
641 1230 943 1323 Axium'flumen
970 1226 1023 1296 ad
1048 1234 1228 1324 regionem

175 1339 318 1403 orientis
338 1333 499 1406 colerent.
524 1341 641 1408 Tertio
650 1361 744 1432 pars
750 1338 858 1426 fucta
866 1334 893 1420 ⁵,
917 1362 1028 1434 quant
1042 1342 1163 1408 Axius
1181 1338 1229 1407 ab

175 1448 324 1528 oriente,
335 1447 475 1514 Peneus
491 1450 608 1529 amnis
622 1444 670 1514 ab
684 1469 827 1530 occasu,
843 1452 1005 1541 cingunt:
1020 1448 1073 1516 acl
1080 1463 1229 1543 septem-

175 1556 322 1621 trionem
335 1556 431 1622 Bora
445 1578 545 1624 mons
560 1555 729 1646 objim'tur.
750 1555 904 1650 Aeljecta
918 1555 1001 1628 lrur'c
1011 1564 1116 1652 parti
1132 1563 1228 1652 regia

176 1666 353 1746 Paeoniae,
375 1686 449 1757 qua
463 1661 511 1731 ab
525 1687 653 1731 occasu
658 1679 796 1758 praeter
807 1667 947 1733 Axium
961 1689 1103 1738 amnem
1111 1672 1229 1761 porri·

171 1775 295 1866 gitur:
318 1769 456 1839 Edessa
474 1794 617 1866 quoque
634 1786 670 1840 et
685 1775 809 1844 Beroea
831 1772 952 1844 eodem
975 1791 1226 1844 concesserunt.

179 1882 318 1968 Quarto
341 1875 464 1973 regio⁶
482 1896 579 1950 trans
598 1884 726 1954 Boram
743 1898 917 1969 montem,
938 1907 1011 1952 una
1019 1899 1129 1979 parte
1145 1909 1226 1954 con-

175 2082 282 2130 kenb.-—
287 2085 362 2130 Tmns
371 2088 520 2148 Strymonem
530 2099 610 2134 autern
618 2103 676 2134 ver-

172 2161 256 2225 gentia
274 2161 310 2209 ad
329 2178 453 2220 occasum,
470 2163 609 2212 Bisalticam
629 2183 677 2212 am-

176 2256 243 2296 nem,
257 2249 302 2288 etc.
317 2251 341 2287 st
356 2257 408 2305 csrp.
426 2243 472 2298 30,
491 2256 517 2294 n,
532 2259 563 2302 n,
577 2243 677 2306 legimus

176 2318 281 2366 Bisaltas
290 2330 356 2366 trans
365 2320 465 2368 Nessum
473 2337 568 2368 anatem
574 2322 600 2368 in
606 2321 678 2370 Thra·

176 2397 212 2444 cin
232 2397 358 2445 incoluisse
383 2410 407 2445 et
430 2399 496 2446 circa
519 2401 677 2464 Strymonem.

175 2477 238 2524 Hinc
249 2476 323 2523 Desii.
333 2477 476 2540 suspicetur,
485 2495 527 2525 cos
538 2478 611 2526 inisse
620 2494 680 2541 gen·

176 2565 224 2600 tem
240 2556 312 2619 longe
323 2573 351 2604 stc
364 2557 412 2604 late
426 2567 563 2620 petentem,
573 2568 597 2604 et
610 2556 678 2606 hebi·

176 2645 236 2680 tasse
246 2634 277 2681 td
292 2634 400 2683 dextram
412 2637 489 2700 ripam
504 2637 640 2698 Strymonis
654 2635 679 2682 in

175 2713 334 2774 Macedonis,
346 2715 433 2763 deinde
444 2727 509 2762 trans
523 2717 677 2778 Strymonem

176 2790 238 2837 inter
246 2807 301 2838 eum
310 2791 408 2840 fluvium
422 2803 446 2839 et
454 2793 565 2850 Nessum,
580 2804 604 2840 et
615 2792 679 2840 tleni·

176 2885 223 2930 que
240 2870 384 2932 pertinuisse
400 2871 463 2918 ultra
480 2869 581 2917 Nessum
601 2871 633 2918 ad
649 2870 679 2915 ri-

175 2964 232 3012 pam
246 2948 297 3007 ejus
309 2948 429 2995 sinistram
443 2949 469 2995 in
482 2949 592 2996 Thracis.
611 2947 679 2996 Idem

177 3027 199 3075 h.
212 3027 229 3074 l.
242 3027 306 3086 conj.
316 3038 452 3090 vergentem
464 3025 500 3073 ad
509 3043 620 3074 occasum
630 3024 678 3093 Bis.

176 3123 214 3162 o.,
224 3107 242 3153 i.
255 3123 277 3154 e.
289 3093 384 3154 omnem
395 3106 461 3154 illem
474 3106 535 3163 Bis.‚
545 3121 601 3168 qua
614 3115 679 3152 trans

176 3187 328 3248 Strymonem
336 3185 413 3249 vergit
421 3185 453 3234 nd
459 3199 579 3233 occasum.
588 3183 679 3230 Contra

177 3264 252 3310 Periz.
272 3263 304 3311 nd
320 3264 406 3314 Elian.
420 3267 451 3312 V.
468 3266 500 3313 tt.
511 3264 544 3318 V,
560 3276 603 3319 v11,
617 3262 678 3308 infre

122 3391 124 3396 .
142 3377 143 3382 =
177 3360 230 3406 cap.
245 3337 383 3394 30'emend.
399 3348 461 3393 Pars
472 3342 556 3408 prima
574 3342 679 3390 Bisaltas

177 3423 263 3479 itales,
275 3423 422 3488 fortissimos
436 3423 522 3478 νίνου
540 3434 607 3470 trans
623 3422 681 3468 Nes·

176 3518 227 3548 sum
237 3513 318 3549 antem
326 3515 351 3550 et
358 3504 427 3550 cirea
433 3505 580 3568 Strymonem
593 3499 681 3548 multas

170 3579 272 3644 fragam
284 3581 451 3644 proprietates.
465 3581 536 3630 Coni.
555 3591 579 3626 et
595 3579 680 3628 Celltr.

178 3660 267 3721 Geogr.
280 3660 337 3706 Ant.
349 3661 385 3716 11,
398 3662 442 3716 13,
453 3676 478 3723 p.
490 3660 549 3717 671.

214 3745 237 3792 t.
255 3737 393 3786 Secundam
404 3736 464 3801 sore
483 3737 602 3800 regionem
618 3739 681 3783 iuter

178 3817 325 3883 Strymonem
342 3825 366 3862 et
381 3814 486 3869 Asiam,
504 3815 529 3861 in
547 3831 595 3876 qua
613 3813 680 3862 Odo-

178 3893 289 3950 mantice
298 3893 445 3950 Chalcidice,
451 3895 566 3949 Crassior,
574 3891 681 3954 Mygdo-

179 3971 233 4030 nia,
246 3971 370 4020 (irestonia
383 3987 424 4020 seu
435 3971 561 4020 Grestonia
571 4003 577 4024 ‚
587 3970 679 4032 Anthe-

179 4066 246 4112 mus,
258 4050 411 4114 Amphaxitis
422 4065 476 4096 cnm
489 4058 555 4112 parte
567 4049 681 4096 l‘seoniaes

720 2087 852 2136 interillos
869 2086 956 2134 fluvios
971 2086 1025 2138 site.
1036 2113 1070 2122 -
1081 2085 1120 2134 At
1139 2101 1227 2136 occasu

722 2183 771 2228 qua
781 2166 873 2221 Axius,
883 2175 928 2213 etc.
939 2181 990 2212 vox
1000 2180 1049 2228 qua
1057 2163 1181 2212 abundare
1194 2165 1229 2212 rri-

723 2245 807 2302 dettsrt
816 2243 891 2292 Drek.

758 2323 782 2371 t.
800 2323 880 2372 Tertia
890 2338 952 2387 pars
962 2319 1038 2385 faeta
1054 2321 1117 2368 intra
1136 2321 1228 2368 Anium

716 2412 746 2449 et
765 2403 881 2457 Peneum,
899 2402 926 2448 in
941 2416 988 2464 qna
1004 2400 1096 2458 Pieris,
1111 2400 1227 2458 Bottia,

722 2479 830 2526 Emathis
853 2490 876 2527 et
897 2495 953 2542 pers
977 2478 1091 2526 Poeoniae.
1117 2478 1228 2526 Forsitan

723 2567 806 2614 erunt,
828 2543 917 2620 qnibus
932 2556 1043 2619 quedem
1064 2557 1090 2602 in
1109 2556 1156 2604 hoc
1173 2571 1227 2619 etp.

723 2635 811 2699 saepins
823 2635 941 2682 inculcata
955 2634 1132 2698 displicebunt:
1146 2634 1188 2681 sed
1201 2633 1229 2680 hi

723 2713 832 2776 cogitent
851 2711 935 2770 velim,
953 2711 1103 2760 Macedoniae
1122 2712 1148 2758 in
1169 2726 1229 2774 qut-

722 2801 778 2838 tuor
803 2790 912 2853 regiones
933 2790 1015 2836 divisse
1034 2807 1091 2836 suos
1112 2789 1227 2836 terminos

722 2869 854 2934 preestitui;
872 2870 899 2914 in
914 2884 961 2931 qun
980 2883 1005 2913 re
1020 2867 1117 2914 AEmilio
1136 2882 1227 2914 summe

722 2946 892 3012 perspicuitate
901 2944 1046 2992 versandum
1056 2955 1120 3001 eret,
1130 2943 1228 3006 nequid

723 3025 778 3073 dein
799 3023 968 3072 controversiis
992 3039 1072 3070 ansam
1092 3022 1227 3086 praeberem

723 3104 796 3152 Drnk.
808 3106 919 3152 -Bora
931 3118 998 3149 morse
1009 3118 1058 3148 non
1067 3101 1125 3150 alibi
1135 3117 1227 3150 memo*

723 3194 796 3230 retur.
815 3188 884 3230 Forte
902 3182 949 3244 leg.
965 3179 1073 3227 Berntius
1095 3195 1176 3234 mons,
1196 3179 1228 3226 td

722 3261 791 3320 eujus
804 3259 896 3312 radices
908 3260 953 3309 site
965 3260 1058 3309 seraa.
1068 3259 1138 3308 Corsi.
1148 3256 1227 3308 strab.

722 3339 787 3396 VII,
799 3354 854 3402 pig.
868 3337 935 3393 ss&
949 3336 1012 3384 Ptol.
1027 3338 1080 3394 111,
1099 3335 1226 3393 123‘Plin.

723 3420 767 3477 tv,
785 3418 813 3473 8,
827 3415 843 3478 5
857 3417 886 3462 15
895 3450 902 3473 ‚
913 3425 938 3462 et
954 3412 1069 3462 Schurzfl.
1085 3414 1101 3460 1.
1117 3413 1134 3460 Ι,
1148 3412 1227 3475 quiin

723 3496 830 3560 Dexippi
842 3495 924 3556 irsgm.
933 3493 1031 3562 Βέρμιον
1041 3492 1104 3551 conj.
1115 3507 1160 3554 pro
1171 3493 1227 3558 etp-

723 3594 771 3626 ssr.
782 3575 852 3622 Alius
860 3589 930 3620 mons
940 3583 976 3620 est
987 3574 1089 3627 Bareas,
1105 3587 1139 3618 sc.
1150 3570 1227 3634 Epiri.

724 3653 872 3708 -Bdessa,
892 3650 966 3702 hodie
981 3661 1082 3697 vocetur
1101 3649 1226 3713 Moglena.

724 3736 770 3782 En.
784 3758 819 3768 -
838 3730 928 3777 Eodem
949 3738 1129 3786 concesserunt,
1149 3727 1227 3778 eidem

725 3812 801 3875 perti,
812 3808 918 3871 regioni,
931 3808 1031 3868 adjectio
1044 3817 1109 3853 sunt.

760 3889 784 3934 6.
795 3889 890 3948 Quarta
900 3887 980 3949 regio,
992 3885 1019 3930 in
1031 3899 1078 3948 qna
1090 3886 1228 3947 Lyncestis,

725 3967 816 4030 reliqua
828 3966 931 4016 Paeonise
943 3981 1013 4028 pers,
1027 3979 1161 4026 magnoque
1173 3979 1227 4026 pers

724 4046 791 4109 Epiri
803 4057 826 4092 et
837 4043 937 4108 illyrici.
949 4070 983 4080 -
996 4042 1153 4108 Pelagoniam
1162 4057 1228 4104 ,qua
