2976 4712
258 328 330 414 426
661 335 913 406 EPITOMAE
1013 387 1016 394 -

258 450 349 539 bus,
371 453 410 528 in
429 452 603 526 Euboeam
623 467 659 526 ot
678 457 892 529 maritimam
912 479 1011 532 orant
1028 455 1221 552 trajectus,
1237 463 1322 536 Ere-

256 563 362 634 triam
388 566 617 663 expugnavit.
646 564 765 642 Achai
792 567 831 640 in
857 566 1049 638 amicitiam
1066 568 1205 665 recepti
1227 583 1321 642 sunt.

256 672 466 770 Conjuratio
493 699 701 768 servorum,
731 674 825 749 facta
853 677 898 753 de
926 675 1118 767 solvendis
1137 677 1320 776 Carthagi·

256 784 436 861 niensium
453 785 662 876 obsidibus,
686 812 856 888 oppressa
879 802 953 878 est,
976 787 1050 880 duo
1075 788 1186 862 millia
1204 791 1321 862 necati

254 906 374 974 sunt²·
390 902 586 974 Praetorum
600 923 773 972 numerus
788 899 978 997 ampliatus
989 913 1063 986 est,
1079 914 1121 972 ut
1132 901 1211 972 seni
1227 923 1320 970 crea-

253 1021 389 1082 rentur.
418 1007 608 1083 Cornelius
639 1009 820 1108 Cethegus
848 1009 975 1084 consul
1002 1009 1125 1083 Gallos
1149 1009 1320 1086 Insubres

253 1115 376 1213 praelio
402 1113 508 1188 fudit.
535 1121 626 1192 Cum
651 1119 931 1198 Lacedaemoniis
955 1133 992 1192 et
1012 1132 1169 1217 tyranno
1188 1144 1319 1195 eorum

253 1225 391 1305 Nabide
411 1227 567 1302 amicitia
587 1229 715 1325 juncta
740 1244 806 1302 est.
836 1234 1011 1302 Praeterea
1034 1232 1320 1328 expugnationes

253 1333 401 1410 urbium
418 1337 455 1407 in
473 1339 686 1413 Macedonia
702 1336 922 1412 referuntur.
965 1418 968 1426 ¹

476 1558 704 1630 EPITOME
733 1559 875 1628 LIBRI
906 1559 1093 1628 XXXIII.

296 1763 336 1828 T.
369 1760 539 1848 Quintius
567 1759 789 1833 Flamininus
815 1757 1013 1858 proconsul
1041 1779 1124 1829 cum
1153 1755 1319 1856 Philippo

252 1867 297 1938 ad
322 1869 609 1968 Cynoscephalas
631 1871 668 1941 in
693 1868 875 1942 Thessalia
898 1870 974 1940 acie
997 1869 1091 1938 victo
1116 1865 1318 1938 debellavit.

251 1981 291 2050 L.
313 1979 484 2067 Quintius
504 1981 744 2066 Flamininus,
767 1979 879 2052 frater
897 1979 1141 2078 proconsulis,
1154 1983 1320 2074 *Acarna-

181 2109 186 2116 ·
252 2111 338 2174 nes,
364 2090 554 2161 Leucade¹
587 2090 698 2178 urhe,
726 2090 826 2188 quod
855 2104 965 2188 caput
990 2103 1044 2160 est
1069 2091 1319 2172 Acarnanum,

252 2217 481 2297 expugnata,
511 2203 550 2271 in
579 2201 801 2275 deditionem
835 2200 981 2298 accepit.
1015 2203 1054 2271 C.
1085 2197 1318 2294 Sempronius

251 2308 452 2380 Tuditanus
475 2325 608 2407 praetor
632 2337 652 2387 a
678 2310 892 2383 Celtiberis²
918 2333 1002 2380 cum
1028 2308 1187 2379 exercitu
1210 2330 1318 2378 caesus

252 2431 316 2490 est.
339 2419 497 2508 Attalus,
515 2445 536 2494 a
554 2420 685 2496 Thebis
704 2421 753 2494 oh
774 2419 931 2493 subitam
951 2413 1220 2494 valetudinem³
1239 2421 1319 2487 Per·

251 2553 395 2626 gamum
425 2529 636 2620 translatus,
669 2531 831 2602 decessit.
861 2533 932 2601 Pax
963 2529 1100 2627 petenti
1127 2526 1317 2624 Philipp0,

251 2639 395 2710 Graeciae
413 2637 559 2712 libertas
575 2641 656 2721 data
675 2657 737 2714 est.
754 2645 793 2716 L.
811 2641 939 2716 Farrins
953 2643 1144 2736 Purpureo
1157 2651 1194 2731 et
1210 2636 1318 2715 Clau-

249 2747 333 2823 dius
350 2749 541 2830 Marcellus
558 2753 722 2828 consules
740 2752 846 2826 Boios
861 2765 897 2822 et
914 2748 1085 2820 Insubres
1102 2747 1226 2820 Gallos
1239 2745 1319 2819 suh

250 2876 413 2959 ogerum.
435 2862 627 2940 Marcellus
645 2860 888 2958 triumphavit
911 2856 1108 2944 Hannibal,
1129 2855 1262 2930 frustra
1280 2857 1317 2925 in

287 3087 315 3120 2·
328 3073 385 3118 911⁰
402 3070 480 3118 millia
502 3070 584 3118 mall
602 3081 672 3127 sumt
692 3071 763 3135 quin·
808 3074 944 3140 Sempronii
955 3072 1082 3140 provincIa
1091 3080 1143 3119 erat
1154 3072 1272 3136 IIispania
1282 3071 1318 3118 ei-

253 3150 320 3214 genti
330 3167 370 3214 ap.
379 3151 432 3199 Liv.
444 3149 618 3208 stultas,
635 3149 764 3214 dequibus
807 3155 891 3214 terior,
909 3152 1025 3202 Celtiberi
1041 3159 1121 3199 autem
1139 3150 1202 3198 ultra
1220 3149 1317 3198 Iberum

251 3230 356 3295 enupsit
367 3229 517 3295 supplicim
528 3233 555 3280 P.
565 3231 692 3281 Cornelius
700 3246 764 3296 prae·
807 3245 883 3284 erant.
894 3233 944 3282 Sed
960 3247 1036 3296 mm
1048 3239 1146 3278 samm
1154 3245 1211 3278 cum
1224 3239 1249 3278 et
1258 3229 1317 3278 Ecl-

251 3321 299 3362 tor.
309 3311 368 3362 vni.
379 3314 452 3362 Tom.
464 3314 514 3372 VI,
523 3329 580 3378 pag.
593 3321 653 3370 aaa.
663 3315 708 3362 En
749 3357 752 3372 ,
805 3313 889 3372 rium,
902 3314 943 3362 oui
955 3311 1057 3363 ulterior
1067 3320 1197 3370 evenerat,
1207 3310 1318 3373 jussisset

286 3391 762 3450 Ertr.XXXIII.1.Aeamanes,Leu·
806 3392 947 3453 terminare,
965 3407 1020 3454 quae
1045 3389 1148 3438 ulterIor
1171 3388 1318 3454 citeriorque

251 3469 324 3528 cade,
334 3481 382 3520 etc.
393 3471 456 3519 forte
466 3473 615 3520 Acarnanas
621 3507 629 3530 ,
642 3473 688 3520 etsi
699 3473 761 3522 Cha-
804 3471 931 3536 provincia
941 3479 1077 3518 servaretur
1084 3457 1153 3534 (vide
1164 3467 1196 3516 ad
1205 3467 1317 3526 xxxfl,

252 3549 294 3599 ris.
313 3552 337 3607 I,
354 3565 410 3614 pag.
432 3559 477 3610 14,
496 3549 584 3599 enoris
602 3553 693 3616 arguit,
719 3551 763 3616 qui
805 3551 961 3616 28),Sigon.
976 3549 1006 3598 da
1016 3551 1076 3598 Ant.
1090 3551 1152 3598 Jure
1165 3549 1239 3596 Prov.
1254 3550 1280 3606 1,
1294 3549 1317 3608 5,

250 3631 372 3688 Panas,
389 3629 491 3680 Titanas
502 3639 529 3678 st
541 3630 763 3690 Alcaeaaasdixe·
804 3643 887 3697 putat,
905 3642 959 3685 tum
978 3640 1070 3682 aetam
1093 3627 1211 3680 terminos
1231 3627 1317 3682 lum

251 3709 408 3770 runt3Drak.
432 3752 435 3760 .
690 3737 694 3746 ·
804 3711 986 3776 provinciarum
1001 3717 1122 3766 mutatas,
1139 3717 1165 3756 et
1179 3705 1317 3758 Celtiberos

285 3805 310 3838 a.
323 3790 352 3839 G.
363 3790 516 3855 Sempronius
530 3789 762 3856 Ihditanuspratar
803 3792 870 3855 iuter
879 3789 1003 3858 prauiae
1011 3789 1083 3842 citer.
1092 3785 1200 3852 populos
1209 3801 1318 3837 nuum·

249 3867 419 3928 anelabat,
433 3872 572 3918 etos-llos
589 3885 643 3920 non
656 3869 761 3926 habeto
804 3871 927 3924 tantatos
935 3893 958 3918 ι.
970 3868 1062 3918 Duker.
1203 3911 1207 3918 .

250 3945 328 3998 bivio
340 3947 448 4006 Nemo,
458 3964 513 4012 cap.
523 3951 566 4007 25,
578 3949 760 4014 ruminliispa·
840 3951 865 3998 3.
876 3950 912 3998 Ob
931 3947 1036 4000 mbimm
1052 3943 1240 4000 odenatum
1255 3954 1317 3994 vett

250 4023 290 4072 nia
300 4024 410 4076 citeriore
419 4027 512 4079 rictum
520 4028 618 4092 scribit,
627 4029 761 4084 celtiberus
805 4029 861 4078 edd.
870 4039 957 4094 praeter
965 4030 1051 4094 Canop.
1061 4025 1248 4078 tummim
1255 4042 1266 4082 ‚·
1274 4024 1318 4074 tell

249 4118 301 4161 non
314 4117 438 4154 memorat.
455 4108 487 4154 Et
505 4109 540 4156 sic
562 4109 635 4156 Oros.
654 4111 698 4167 tv,
718 4125 759 4156 no.
805 4108 855 4160 vie.
869 4110 934 4174 Epit.
945 4107 989 4159 lib.
1004 4109 1078 4166 tun,
1092 4121 1116 4158 tt·
1134 4114 1157 4158 l.
1169 4105 1216 4155 ΕΒ·
