2976 4712
490 381 762 450 LIBRORUM
793 381 937 452 LIVII.
1174 379 1246 466 443

188 502 422 603 Cappadocia
448 526 533 590 rex,
554 499 704 572 consilio
730 500 922 586 Demetrii,
945 499 1039 596 regis
1060 499 1188 596 Syriae,
1211 515 1248 570 et

187 612 322 684 viribus
345 611 470 709 pulsus
490 632 621 708 regno,
639 634 660 680 a
678 623 804 682 senatu
821 609 1006 680 restitutus
1026 624 1090 680 est.
1113 609 1212 680 Missi
1227 634 1248 680 a

187 738 333 810 senatu,
361 723 426 820 qui
447 722 541 794 inter
566 719 787 791 Masinissam
811 732 847 790 et
872 716 1181 816 Carthaginienses
1202 719 1247 789 de

188 857 273 930 agro
283 831 498 928 judicarent.
516 835 556 904 C.
571 829 727 902 Marcius
742 828 868 900 consul
884 821 1058 902 adversus
1069 827 1250 906 Dalmatas

187 966 316 1041 parum
336 964 507 1040 prospere
526 940 706 1040 primum,
732 953 858 1036 postea
881 932 1032 1010 feliciter
1051 939 1248 1036 pugnavit:

187 1075 269 1123 cum
287 1048 421 1147 quibus
439 1047 536 1128 bello
556 1043 776 1146 confligendi
798 1072 905 1132 causa
926 1043 1016 1135 fuit,
1039 1048 1139 1146 quod
1165 1048 1249 1148 llly-

186 1162 276 1247 rios,
297 1157 422 1256 populi
440 1157 581 1229 romani
596 1159 731 1244 socios,
750 1173 990 1246 vastaverant;
1012 1143 1250 1255 eamdemt'lne

186 1285 329 1366 gentem
351 1267 539 1340 Cornelius
558 1269 686 1341 Nasica
708 1269 834 1339 consul
854 1267 1005 1341 domuit.
1026 1269 1069 1356 Q.
1085 1269 1251 1366 Opimius

186 1377 313 1450 consul
335 1377 587 1475 Transalpinos
609 1378 776 1474 Ligures,
801 1377 866 1474 qui
888 1377 1162 1450 Massiliensium
1183 1403 1250 1476 op·

187 1487 293 1586 pida,
310 1487 508 1584 Antipolim
525 1502 561 1558 ct
573 1488 763 1576 Nicaeaml,
777 1485 980 1572 vastabant,
997 1482 1148 1584 subegit.
1164 1489 1251 1560 Prae·

186 1611 283 1670 terea
296 1622 353 1670 res
367 1595 405 1667 in
419 1594 613 1695 Hispania⁵
629 1621 648 1667 a
664 1595 922 1695 compluribus·
931 1621 1059 1695 parum
1079 1621 1251 1694 prospere

187 1713 302 1807 gestas
319 1707 492 1780 continet.
512 1705 687 1778 Consules
711 1730 808 1777 anno
825 1706 1117 1804 quingentesimo
1138 1730 1252 1778 nona-
1354 1757 1361 1768 ,

186 1818 320 1914 gesimo
335 1815 526 1894 octavoab
543 1813 643 1889 Urbe
657 1813 804 1887 condita
817 1817 1082 1913 magistratum,
1099 1817 1253 1912 peractis

186 1921 361 1998 comitiis⁶
381 1928 678 2024 insequentisque
697 1927 781 1997 anni
800 1925 1010 1998 consulibus
1031 1927 1177 2014 creatis,
1197 1927 1250 1997 in-

189 2036 245 2108 ire·
257 2051 456 2134 coeperunt.
481 2033 647 2107 Mutandi
671 2037 815 2107 comitia
839 2061 945 2108 causa
965 2035 1051 2124 fuit,
1072 2035 1172 2134 quod
1189 2033 1251 2106 Hi·

187 2147 289 2244 spani
305 2145 539 2219 rebellabant.
560 2147 702 2244 Legati,
721 2146 766 2218 ad
781 2144 1054 2244 disceptandum
1069 2149 1251 2235 interMa·

187 2256 348 2326 sinissam
363 2271 399 2326 et
415 2256 721 2354 Carthaginienses
738 2257 837 2328 missi
851 2260 1167 2346 renuntiaverunt,
1177 2259 1253 2330 tim

188 2366 320 2470 navalis
335 2367 491 2438 materiae
506 2391 544 2439 se
562 2366 775 2465 Carthagine
790 2363 1079 2465 deprehendisse.
1102 2367 1251 2464 Aliquot

187 2490 383 2572 praetores,
412 2499 433 2546 a
462 2476 658 2576 provinciis
689 2477 841 2552 avaritiae
868 2480 1016 2551 nomine
1030 2487 1043 2532 ⁷
1057 2479 1060 2483 ’
1076 2479 1253 2560 accusati,

120 2633 124 2644 .
188 2584 347 2656 damnati
369 2600 462 2656 sunt.
1123 2602 1126 2607 ·

187 2777 282 2823 Manat.
298 2774 329 2822 de
344 2775 401 2838 Leg.
414 2773 489 2823 Rom.
499 2791 555 2840 cap.
565 2778 612 2834 28,
624 2777 696 2826 etM-
740 2774 1166 2834 escat.1an.,vstcatran.sm0
1180 2774 1256 2828 inires,

188 2869 246 2917 gon.
256 2852 287 2901 de
298 2852 383 2901 dudio.
393 2855 430 2912 11,
445 2855 493 2917 30,
506 2866 531 2903 et
541 2855 610 2919 rign.
739 2854 859 2906 Consules
867 2865 932 2904 cette
940 2869 972 2908 eo
979 2853 1019 2904 die
1027 2852 1192 2916 magistratum
1200 2853 1252 2900 boo

223 2939 248 2988 t.
260 2930 395 2996 Antipolim
409 2944 433 2980 et
445 2932 570 2992 Nicceam,
588 2933 697 2982 colonias
739 2918 807 2982 anno
818 2931 916 2991 iniisse,
930 2932 1052 2982 Chronica
1066 2931 1206 2981 Cassiodori
1224 2940 1249 2980 ct

189 3008 696 3076 Massiliensium,rsgionieorumvieinse;
739 3010 920 3062 MerianiSooti
933 3010 1029 3060 docent.

188 3087 338 3137 Dnhooul.
348 3090 426 3138 strab.
437 3091 484 3148 IV,
497 3091 562 3147 1⁸0,
573 3089 695 3154 etPolyb.
777 3107 801 3152 7.
810 3088 929 3137 Avaritia·
945 3088 1042 3137 nomine
1058 3088 1169 3138 wcusatt‘
1180 3089 1250 3156 (vid.

187 3169 315 3227 mm,
327 3175 352 3224 4.
739 3171 814 3218 Perit.
826 3169 857 3217 ad
874 3169 967 3218 Stnctii
981 3168 1116 3228 Min.11‚3
1127 3203 1135 3228 ,
1142 3186 1169 3234 p.
1183 3169 1251 3235 164)

223 3247 248 3294 5.
259 3250 381 3296 Praeterea
400 3265 438 3296 res
455 3247 480 3296 in
499 3247 619 3312 Hispania
625 3282 634 3306 ,
648 3258 694 3297 etc.
738 3248 852 3296 denunti
858 3259 914 3296 sunt
919 3247 1015 3309 judicio
1022 3235 1213 3312 extraordinario
1220 3266 1251 3299 ex

188 3323 253 3373 conf.
263 3326 371 3392 Appiam
381 3327 454 3392 Hisp‘.
461 3327 501 3380 ,56
511 3343 549 3392 sq.
739 3325 804 3377 scto
815 3324 965 3387 constituto,
977 3339 1005 3376 nt
1015 3328 1042 3374 in
1052 3327 1106 3375 Liv.
1120 3329 1204 3387 xtn,
1217 3345 1231 3376 a
1243 3343 1250 3377 ε

223 3405 251 3452 t.
264 3405 449 3470 Magsitmtum,
456 3404 565 3470 paucus
573 3405 694 3464 comitiis,
739 3422 796 3456 nam
814 3408 892 3471 prima
909 3407 951 3458 lex
972 3408 1004 3456 de
1020 3407 1161 3472 repetundis
1177 3424 1252 3472 pecu·
1288 3409 1291 3416 ’

188 3494 236 3530 etc.
258 3482 332 3532 verba
357 3495 482 3549 corrupta.
510 3486 570 3533 Post
594 3484 697 3536 cannitiis
739 3487 803 3548 niis,
819 3502 868 3550 qne
885 3486 990 3549 quastio
1010 3487 1052 3535 ills
1071 3485 1192 3534 ordinaris
1216 3497 1252 3534 est

188 3561 258 3624 Pigh.
269 3563 302 3609 sd
315 3580 336 3612 s.
353 3565 404 3613 600
416 3564 501 3613 inserit
515 3563 659 3628 deposuere,
672 3577 699 3614 et
740 3565 818 3625 facte,
831 3563 929 3612 denum
944 3581 966 3612 a.
983 3565 1035 3622 604
1050 3581 1065 3612 a
1078 3567 1106 3612 L.
1118 3563 1252 3630 Calpurnio

188 3637 276 3692 deinde
288 3641 347 3706 legit
362 3637 470 3708 eonsules
484 3643 562 3691 creati
577 3643 639 3691 taire
650 3657 697 3691 cor·
740 3644 829 3693 Pisone
840 3644 888 3691 lata
898 3641 964 3708 (vid.
976 3643 1029 3700 Cic.
1043 3646 1111 3692 Brut.
1128 3657 1172 3703 27,
1184 3653 1208 3691 et
1221 3642 1253 3691 de

186 3730 281 3782 perant.
298 3720 331 3768 At
353 3721 427 3768 Drak.
446 3733 504 3785 post
522 3721 610 3770 creatis
630 3723 696 3772 cxci·
741 3723 791 3771 Off.
802 3724 842 3781 11,
852 3736 883 3768 at
894 3720 917 3785 );
931 3721 984 3770 haec
997 3732 1078 3770 antem
1088 3733 1143 3774 ante
1158 3736 1252 3773 mum

188 3797 252 3852 disse
263 3808 334 3864 putat
347 3799 502 3856 abdicarunt,
513 3812 538 3848 et
548 3801 698 3850 novimen·
742 3802 811 3850 illurn
823 3811 890 3866 gesta
903 3811 973 3860 urm
986 3800 1051 3850 Duln
