<?xml version="1.0" encoding="UTF-8"?>
<!DOCTYPE html PUBLIC "-//W3C//DTD XHTML 1.0 Transitional//EN"
    "http://www.w3.org/TR/xhtml1/DTD/xhtml1-transitional.dtd">
<html xmlns="http://www.w3.org/1999/xhtml" xml:lang="en" lang="en">
 <head>
  <title>
</title>
<meta http-equiv="Content-Type" content="text/html;charset=utf-8" />
  <meta name='ocr-system' content='tesseract 3.04.00' />
  <meta name='ocr-capabilities' content='ocr_page ocr_carea ocr_par ocr_line ocrx_word'/>
</head>
<body>
  <div class='ocr_page' id='page_1' title='image "./titusliviuspata02freigoog_0433.png"; bbox 0 0 2976 4712; ppageno 0'>
   <div class='ocr_carea' id='block_1_1' title="bbox 249 327 1391 1978">
    <p class='ocr_par' dir='ltr' id='par_1_1' title="bbox 251 327 903 412">
     <span class='ocr_line' id='line_1_1' title="bbox 251 327 903 412; baseline -0.006 -16"><span class='ocrx_word' id='word_1_1' title='bbox 251 333 322 412; x_wconf 67' lang='lat' dir='ltr'>Aah</span> <span class='ocrx_word' id='word_1_2' title='bbox 655 327 903 395; x_wconf 84' lang='lat' dir='ltr'>EPITOMAE</span> 
     </span>
    </p>

    <p class='ocr_par' dir='ltr' id='par_1_2' title="bbox 249 431 1391 1978">
     <span class='ocr_line' id='line_1_2' title="bbox 249 431 1313 545; baseline -0.001 -24"><span class='ocrx_word' id='word_1_3' title='bbox 249 431 334 521; x_wconf 81' lang='lat' dir='ltr'>curn</span> <span class='ocrx_word' id='word_1_4' title='bbox 358 449 525 545; x_wconf 86' lang='lat' dir='ltr'>Scipione</span> <span class='ocrx_word' id='word_1_5' title='bbox 546 471 792 544; x_wconf 86' lang='lat' dir='ltr'>componere:</span> <span class='ocrx_word' id='word_1_6' title='bbox 815 463 868 531; x_wconf 86' lang='lat' dir='ltr'>et,</span> <span class='ocrx_word' id='word_1_7' title='bbox 892 471 1006 544; x_wconf 84' lang='lat' dir='ltr'>quum</span> <span class='ocrx_word' id='word_1_8' title='bbox 1029 447 1075 518; x_wconf 90' lang='lat' dir='ltr'>de</span> <span class='ocrx_word' id='word_1_9' title='bbox 1097 449 1313 521; x_wconf 90' lang='lat' dir='ltr'>conditioni-</span> 
     </span>
     <span class='ocr_line' id='line_1_3' title="bbox 250 558 1314 657; baseline 0.002 -27"><span class='ocrx_word' id='word_1_10' title='bbox 250 560 321 631; x_wconf 92' lang='lat' dir='ltr'>bus</span> <span class='ocrx_word' id='word_1_11' title='bbox 338 561 436 657; x_wconf 87' lang='lat' dir='ltr'><strong>pacis</strong></span> <span class='ocrx_word' id='word_1_12' title='bbox 457 582 531 627; x_wconf 92' lang='lat' dir='ltr'>non</span> <span class='ocrx_word' id='word_1_13' title='bbox 553 561 799 643; x_wconf 89' lang='lat' dir='ltr'>convenisset,</span> <span class='ocrx_word' id='word_1_14' title='bbox 818 558 893 629; x_wconf 86' lang='lat' dir='ltr'>acie</span> <span class='ocrx_word' id='word_1_15' title='bbox 913 559 1029 629; x_wconf 87' lang='lat' dir='ltr'>victus</span> <span class='ocrx_word' id='word_1_16' title='bbox 1051 573 1114 629; x_wconf 87' lang='lat' dir='ltr'>est.</span> <span class='ocrx_word' id='word_1_17' title='bbox 1137 563 1209 630; x_wconf 84' lang='lat' dir='ltr'>Pax</span> <span class='ocrx_word' id='word_1_18' title='bbox 1230 565 1314 632; x_wconf 88' lang='lat' dir='ltr'>Car-</span> 
     </span>
     <span class='ocr_line' id='line_1_4' title="bbox 251 667 1314 768; baseline -0.003 -26"><span class='ocrx_word' id='word_1_19' title='bbox 251 667 536 768; x_wconf 88' lang='lat' dir='ltr'>thaginiensibus</span> <span class='ocrx_word' id='word_1_20' title='bbox 555 669 637 758; x_wconf 89' lang='lat' dir='ltr'>data</span> <span class='ocrx_word' id='word_1_21' title='bbox 663 683 716 740; x_wconf 90' lang='lat' dir='ltr'>est</span> <span class='ocrx_word' id='word_1_22' title='bbox 737 667 955 765; x_wconf 87' lang='lat' dir='ltr'>petentibus.</span> <span class='ocrx_word' id='word_1_23' title='bbox 980 668 1158 740; x_wconf 83' lang='lat' dir='ltr'>Hannibal</span> <span class='ocrx_word' id='word_1_24' title='bbox 1185 673 1314 766; x_wconf 85' lang='lat' dir='ltr'>Gisgo-</span> 
     </span>
     <span class='ocr_line' id='line_1_5' title="bbox 251 778 1315 877; baseline -0.002 -27"><span class='ocrx_word' id='word_1_25' title='bbox 251 805 356 868; x_wconf 88' lang='lat' dir='ltr'>nem,</span> <span class='ocrx_word' id='word_1_26' title='bbox 378 804 504 877; x_wconf 85' lang='lat' dir='ltr'>pacem</span> <span class='ocrx_word' id='word_1_27' title='bbox 526 778 809 862; x_wconf 76' lang='lat' dir='ltr'>dissuadentem,</span> <span class='ocrx_word' id='word_1_28' title='bbox 835 802 945 848; x_wconf 90' lang='lat' dir='ltr'>manu</span> <span class='ocrx_word' id='word_1_29' title='bbox 968 802 1032 849; x_wconf 88' lang='lat' dir='ltr'>sua</span> <span class='ocrx_word' id='word_1_30' title='bbox 1055 778 1231 850; x_wconf 83' lang='lat' dir='ltr'>detraxit:</span> <span class='ocrx_word' id='word_1_31' title='bbox 1253 803 1315 849; x_wconf 81' lang='lat' dir='ltr'>ex-</span> 
     </span>
     <span class='ocr_line' id='line_1_6' title="bbox 251 877 1391 986; baseline -0.003 -26"><span class='ocrx_word' id='word_1_32' title='bbox 251 894 372 960; x_wconf 84' lang='lat' dir='ltr'>cusata</span> <span class='ocrx_word' id='word_1_33' title='bbox 397 887 528 959; x_wconf 90' lang='lat' dir='ltr'>deinde</span> <span class='ocrx_word' id='word_1_34' title='bbox 556 888 756 958; x_wconf 83' lang='lat' dir='ltr'>temeritate</span> <span class='ocrx_word' id='word_1_35' title='bbox 787 885 894 976; x_wconf 85' lang='lat' dir='ltr'>lacti,</span> <span class='ocrx_word' id='word_1_36' title='bbox 925 889 1002 985; x_wconf 91' lang='lat' dir='ltr'>ipse</span> <span class='ocrx_word' id='word_1_37' title='bbox 1035 912 1161 986; x_wconf 87' lang='lat' dir='ltr'>pacem</span> <span class='ocrx_word' id='word_1_38' title='bbox 1194 890 1312 960; x_wconf 89' lang='lat' dir='ltr'>suasit.</span> <span class='ocrx_word' id='word_1_39' title='bbox 1384 877 1391 898; x_wconf 72' lang='lat'>⁸</span> 
     </span>
     <span class='ocr_line' id='line_1_7' title="bbox 251 1000 1316 1104; baseline 0 -32"><span class='ocrx_word' id='word_1_40' title='bbox 251 1007 379 1100; x_wconf 85' lang='lat' dir='ltr'>Mago,</span> <span class='ocrx_word' id='word_1_41' title='bbox 407 1004 472 1097; x_wconf 93' lang='lat' dir='ltr'>qui</span> <span class='ocrx_word' id='word_1_42' title='bbox 495 1000 593 1071; x_wconf 90' lang='lat' dir='ltr'>bello</span> <span class='ocrx_word' id='word_1_43' title='bbox 617 1003 655 1104; x_wconf 90' lang='lat' dir='ltr'>in</span> <span class='ocrx_word' id='word_1_44' title='bbox 684 1026 769 1097; x_wconf 84' lang='lat' dir='ltr'>agro</span> <span class='ocrx_word' id='word_1_45' title='bbox 798 1000 1005 1071; x_wconf 86' lang='lat' dir='ltr'>Insubrium</span> <span class='ocrx_word' id='word_1_46' title='bbox 1033 1027 1118 1072; x_wconf 91' lang='lat' dir='ltr'>cum</span> <span class='ocrx_word' id='word_1_47' title='bbox 1147 1005 1316 1073; x_wconf 86' lang='lat' dir='ltr'>Romanis</span> 
     </span>
     <span class='ocr_line' id='line_1_8' title="bbox 253 1110 1317 1210; baseline 0.001 -27"><span class='ocrx_word' id='word_1_48' title='bbox 253 1111 481 1198; x_wconf 89' lang='lat' dir='ltr'>conflixerat,</span> <span class='ocrx_word' id='word_1_49' title='bbox 500 1112 727 1199; x_wconf 87' lang='lat' dir='ltr'>vulneratus,</span> <span class='ocrx_word' id='word_1_50' title='bbox 752 1111 840 1180; x_wconf 87' lang='lat' dir='ltr'>dum</span> <span class='ocrx_word' id='word_1_51' title='bbox 866 1113 904 1180; x_wconf 91' lang='lat' dir='ltr'>in</span> <span class='ocrx_word' id='word_1_52' title='bbox 923 1110 1075 1182; x_wconf 90' lang='lat' dir='ltr'>Africam</span> <span class='ocrx_word' id='word_1_53' title='bbox 1099 1137 1165 1210; x_wconf 91' lang='lat' dir='ltr'>per</span> <span class='ocrx_word' id='word_1_54' title='bbox 1184 1113 1317 1208; x_wconf 84' lang='lat' dir='ltr'>legatos</span> 
     </span>
     <span class='ocr_line' id='line_1_9' title="bbox 252 1220 1317 1320; baseline -0.003 -27"><span class='ocrx_word' id='word_1_55' title='bbox 252 1236 439 1294; x_wconf 87' lang='lat' dir='ltr'>revocatus</span> <span class='ocrx_word' id='word_1_56' title='bbox 462 1221 669 1308; x_wconf 88' lang='lat' dir='ltr'>revertitur,</span> <span class='ocrx_word' id='word_1_57' title='bbox 697 1245 741 1291; x_wconf 87' lang='lat' dir='ltr'>ex</span> <span class='ocrx_word' id='word_1_58' title='bbox 765 1220 914 1320; x_wconf 74' lang='lat' dir='ltr'>vulnere</span> <span class='ocrx_word' id='word_1_59' title='bbox 937 1235 1104 1292; x_wconf 90' lang='lat' dir='ltr'>mortuus</span> <span class='ocrx_word' id='word_1_60' title='bbox 1126 1237 1190 1292; x_wconf 90' lang='lat' dir='ltr'>est.</span> <span class='ocrx_word' id='word_1_61' title='bbox 1215 1223 1317 1293; x_wconf 90' lang='lat' dir='ltr'>Masi-</span> 
     </span>
     <span class='ocr_line' id='line_1_10' title="bbox 252 1331 1317 1428; baseline -0.001 -26"><span class='ocrx_word' id='word_1_62' title='bbox 252 1333 354 1404; x_wconf 86' lang='lat' dir='ltr'>nissae</span> <span class='ocrx_word' id='word_1_63' title='bbox 372 1354 524 1428; x_wconf 84' lang='lat' dir='ltr'>regnum</span> <span class='ocrx_word' id='word_1_64' title='bbox 536 1333 741 1402; x_wconf 88' lang='lat' dir='ltr'>restitutum</span> <span class='ocrx_word' id='word_1_65' title='bbox 762 1346 826 1402; x_wconf 89' lang='lat' dir='ltr'>est.</span> <span class='ocrx_word' id='word_1_66' title='bbox 846 1336 1022 1403; x_wconf 89' lang='lat' dir='ltr'>Reversus</span> <span class='ocrx_word' id='word_1_67' title='bbox 1038 1333 1075 1402; x_wconf 91' lang='lat' dir='ltr'>in</span> <span class='ocrx_word' id='word_1_68' title='bbox 1094 1331 1233 1406; x_wconf 91' lang='lat' dir='ltr'>Urbem</span> <span class='ocrx_word' id='word_1_69' title='bbox 1248 1334 1317 1402; x_wconf 91' lang='lat' dir='ltr'>Sci-</span> 
     </span>
     <span class='ocr_line' id='line_1_11' title="bbox 252 1440 1318 1539; baseline -0.001 -28"><span class='ocrx_word' id='word_1_70' title='bbox 252 1445 314 1539; x_wconf 90' lang='lat' dir='ltr'>pio</span> <span class='ocrx_word' id='word_1_71' title='bbox 335 1441 594 1539; x_wconf 90' lang='lat' dir='ltr'>amplissimum</span> <span class='ocrx_word' id='word_1_72' title='bbox 616 1440 955 1538; x_wconf 89' lang='lat' dir='ltr'>nobilissimumque</span> <span class='ocrx_word' id='word_1_73' title='bbox 977 1445 1049 1538; x_wconf 87' lang='lat' dir='ltr'>egit</span> <span class='ocrx_word' id='word_1_74' title='bbox 1069 1441 1318 1539; x_wconf 83' lang='lat' dir='ltr'>triumphum,</span> 
     </span>
     <span class='ocr_line' id='line_1_12' title="bbox 255 1541 1320 1652; baseline 0.002 -32"><span class='ocrx_word' id='word_1_75' title='bbox 255 1576 364 1648; x_wconf 87' lang='lat' dir='ltr'>quem</span> <span class='ocrx_word' id='word_1_76' title='bbox 386 1553 430 1639; x_wconf 86' lang='lat' dir='ltr'>Q.</span> <span class='ocrx_word' id='word_1_77' title='bbox 448 1551 635 1620; x_wconf 87' lang='lat' dir='ltr'>Terentius</span> <span class='ocrx_word' id='word_1_78' title='bbox 660 1550 791 1631; x_wconf 86' lang='lat' dir='ltr'>Culleo</span> <span class='ocrx_word' id='word_1_79' title='bbox 808 1566 951 1622; x_wconf 90' lang='lat' dir='ltr'>senator</span> <span class='ocrx_word' id='word_1_80' title='bbox 970 1541 1122 1647; x_wconf 90' lang='lat' dir='ltr'>pileatus</span> <span class='ocrx_word' id='word_1_81' title='bbox 1144 1567 1320 1652; x_wconf 90' lang='lat' dir='ltr'>sequutus</span> 
     </span>
     <span class='ocr_line' id='line_1_13' title="bbox 257 1657 1319 1758; baseline 0 -27"><span class='ocrx_word' id='word_1_82' title='bbox 257 1674 321 1732; x_wconf 89' lang='lat' dir='ltr'>est.</span> <span class='ocrx_word' id='word_1_83' title='bbox 334 1661 453 1757; x_wconf 89' lang='lat' dir='ltr'>Scipio</span> <span class='ocrx_word' id='word_1_84' title='bbox 466 1657 651 1730; x_wconf 85' lang='lat' dir='ltr'>Africanus</span> <span class='ocrx_word' id='word_1_85' title='bbox 669 1659 886 1754; x_wconf 81' lang='lat' dir='ltr'>(incertum²</span> <span class='ocrx_word' id='word_1_86' title='bbox 901 1661 1045 1755; x_wconf 83' lang='lat' dir='ltr'>militari</span> <span class='ocrx_word' id='word_1_87' title='bbox 1059 1661 1160 1758; x_wconf 91' lang='lat' dir='ltr'>prius</span> <span class='ocrx_word' id='word_1_88' title='bbox 1178 1660 1319 1749; x_wconf 89' lang='lat' dir='ltr'>favore,</span> 
     </span>
     <span class='ocr_line' id='line_1_14' title="bbox 256 1769 1321 1868; baseline 0 -25"><span class='ocrx_word' id='word_1_89' title='bbox 256 1797 301 1843; x_wconf 94' lang='lat' dir='ltr'>an</span> <span class='ocrx_word' id='word_1_90' title='bbox 323 1769 490 1868; x_wconf 91' lang='lat' dir='ltr'>populari</span> <span class='ocrx_word' id='word_1_91' title='bbox 511 1794 596 1840; x_wconf 91' lang='lat' dir='ltr'>aura</span> <span class='ocrx_word' id='word_1_92' title='bbox 616 1771 666 1840; x_wconf 92' lang='lat' dir='ltr'>ita</span> <span class='ocrx_word' id='word_1_93' title='bbox 687 1771 983 1868; x_wconf 84' lang='lat' dir='ltr'>cognominatus)</span> <span class='ocrx_word' id='word_1_94' title='bbox 999 1773 1136 1868; x_wconf 89' lang='lat' dir='ltr'>primus</span> <span class='ocrx_word' id='word_1_95' title='bbox 1152 1787 1248 1842; x_wconf 90' lang='lat' dir='ltr'>certe</span> <span class='ocrx_word' id='word_1_96' title='bbox 1263 1773 1321 1844; x_wconf 88' lang='lat' dir='ltr'>hic</span> 
     </span>
     <span class='ocr_line' id='line_1_15' title="bbox 256 1879 1272 1978; baseline 0 -28"><span class='ocrx_word' id='word_1_97' title='bbox 256 1883 451 1978; x_wconf 84' lang='lat' dir='ltr'>imperator</span> <span class='ocrx_word' id='word_1_98' title='bbox 471 1881 572 1956; x_wconf 75' lang='lat' dir='ltr'>victae</span> <span class='ocrx_word' id='word_1_99' title='bbox 589 1907 610 1950; x_wconf 92' lang='lat' dir='ltr'>a</span> <span class='ocrx_word' id='word_1_100' title='bbox 625 1905 663 1951; x_wconf 88' lang='lat' dir='ltr'>se</span> <span class='ocrx_word' id='word_1_101' title='bbox 681 1881 829 1954; x_wconf 89' lang='lat' dir='ltr'>nominc</span> <span class='ocrx_word' id='word_1_102' title='bbox 851 1882 967 1977; x_wconf 84' lang='lat' dir='ltr'>gentis</span> <span class='ocrx_word' id='word_1_103' title='bbox 984 1879 1194 1954; x_wconf 89' lang='lat' dir='ltr'>nobilitatus</span> <span class='ocrx_word' id='word_1_104' title='bbox 1207 1897 1272 1956; x_wconf 78' lang='lat' dir='ltr'>est.</span> 
     </span>
    </p>
   </div>
   <div class='ocr_carea' id='block_1_2' title="bbox 510 2098 1072 2200">
    <p class='ocr_par' dir='ltr' id='par_1_3' title="bbox 510 2098 1072 2200">
     <span class='ocr_line' id='line_1_16' title="bbox 510 2098 1072 2200; baseline -0.002 -33"><span class='ocrx_word' id='word_1_105' title='bbox 510 2098 734 2167; x_wconf 90' lang='lat' dir='ltr'>EPITOME</span> <span class='ocrx_word' id='word_1_106' title='bbox 763 2099 901 2200; x_wconf 87' lang='lat' dir='ltr'>LIBRI</span> <span class='ocrx_word' id='word_1_107' title='bbox 932 2102 1072 2168; x_wconf 87' lang='lat' dir='ltr'>XXXI.</span> 
     </span>
    </p>
   </div>
   <div class='ocr_carea' id='block_1_3' title="bbox 306 2257 1321 2386">
    <p class='ocr_par' dir='ltr' id='par_1_4' title="bbox 306 2257 1321 2386">
     <span class='ocr_line' id='line_1_17' title="bbox 306 2257 1321 2386; baseline 0.002 -28"><span class='ocrx_word' id='word_1_108' title='bbox 306 2289 393 2360; x_wconf 91' lang='lat' dir='ltr'>Belli</span> <span class='ocrx_word' id='word_1_109' title='bbox 411 2287 580 2358; x_wconf 91' lang='lat' dir='ltr'>adversus</span> <span class='ocrx_word' id='word_1_110' title='bbox 603 2257 1047 2385; x_wconf 86' lang='lat' dir='ltr'>PhilippumMacedoniae</span> <span class='ocrx_word' id='word_1_111' title='bbox 1063 2314 1205 2386; x_wconf 81' lang='lat' dir='ltr'>regern,</span> <span class='ocrx_word' id='word_1_112' title='bbox 1223 2290 1321 2386; x_wconf 89' lang='lat' dir='ltr'>qnod</span> 
     </span>
    </p>
   </div>
   <div class='ocr_carea' id='block_1_4' title="bbox 239 2399 1326 3374">
    <p class='ocr_par' dir='ltr' id='par_1_5' title="bbox 239 2399 1326 3374">
     <span class='ocr_line' id='line_1_18' title="bbox 258 2399 1321 2496; baseline -0.001 -26"><span class='ocrx_word' id='word_1_113' title='bbox 258 2401 501 2471; x_wconf 89' lang='lat' dir='ltr'>intermissum</span> <span class='ocrx_word' id='word_1_114' title='bbox 518 2413 612 2486; x_wconf 88' lang='lat' dir='ltr'>erat,</span> <span class='ocrx_word' id='word_1_115' title='bbox 627 2399 770 2496; x_wconf 87' lang='lat' dir='ltr'>repetiti</span> <span class='ocrx_word' id='word_1_116' title='bbox 786 2422 899 2470; x_wconf 86' lang='lat' dir='ltr'>causae</span> <span class='ocrx_word' id='word_1_117' title='bbox 915 2399 1122 2470; x_wconf 85' lang='lat' dir='ltr'>reseruntur</span> <span class='ocrx_word' id='word_1_118' title='bbox 1137 2399 1203 2471; x_wconf 86' lang='lat' dir='ltr'>hae.</span> <span class='ocrx_word' id='word_1_119' title='bbox 1219 2405 1321 2470; x_wconf 89' lang='lat' dir='ltr'>Tem-</span> 
     </span>
     <span class='ocr_line' id='line_1_19' title="bbox 260 2507 1321 2606; baseline -0.002 -26"><span class='ocrx_word' id='word_1_120' title='bbox 260 2533 349 2606; x_wconf 91' lang='lat' dir='ltr'>pore</span> <span class='ocrx_word' id='word_1_121' title='bbox 371 2509 560 2577; x_wconf 89' lang='lat' dir='ltr'>Initiorum</span> <span class='ocrx_word' id='word_1_122' title='bbox 582 2507 656 2578; x_wconf 91' lang='lat' dir='ltr'>duo</span> <span class='ocrx_word' id='word_1_123' title='bbox 674 2507 827 2602; x_wconf 85' lang='lat' dir='ltr'>juvenes</span> <span class='ocrx_word' id='word_1_124' title='bbox 847 2515 1069 2596; x_wconf 87' lang='lat' dir='ltr'>Acarnanes,</span> <span class='ocrx_word' id='word_1_125' title='bbox 1090 2511 1243 2606; x_wconf 91' lang='lat' dir='ltr'>quinon</span> <span class='ocrx_word' id='word_1_126' title='bbox 1259 2512 1321 2580; x_wconf 92' lang='lat' dir='ltr'>ini-</span> 
     </span>
     <span class='ocr_line' id='line_1_20' title="bbox 260 2603 1322 2707; baseline 0.002 -19"><span class='ocrx_word' id='word_1_127' title='bbox 260 2621 336 2690; x_wconf 88' lang='lat' dir='ltr'>tiati</span> <span class='ocrx_word' id='word_1_128' title='bbox 352 2603 470 2705; x_wconf 81' lang='lat' dir='ltr'>erant&#39;,</span> <span class='ocrx_word' id='word_1_129' title='bbox 484 2619 638 2688; x_wconf 82' lang='lat' dir='ltr'>Athenas</span> <span class='ocrx_word' id='word_1_130' title='bbox 653 2634 831 2689; x_wconf 89' lang='lat' dir='ltr'>venerunt</span> <span class='ocrx_word' id='word_1_131' title='bbox 843 2631 867 2707; x_wconf 88' lang='lat'>¹,</span> <span class='ocrx_word' id='word_1_132' title='bbox 880 2635 916 2690; x_wconf 91' lang='lat' dir='ltr'>et</span> <span class='ocrx_word' id='word_1_133' title='bbox 929 2621 967 2689; x_wconf 94' lang='lat' dir='ltr'>in</span> <span class='ocrx_word' id='word_1_134' title='bbox 979 2621 1169 2691; x_wconf 86' lang='lat' dir='ltr'>sacrarium</span> <span class='ocrx_word' id='word_1_135' title='bbox 1185 2621 1322 2692; x_wconf 91' lang='lat' dir='ltr'>Cereris</span> 
     </span>
     <span class='ocr_line' id='line_1_21' title="bbox 262 2725 1323 2824; baseline 0.001 -26"><span class='ocrx_word' id='word_1_136' title='bbox 262 2752 344 2798; x_wconf 90' lang='lat' dir='ltr'>curu</span> <span class='ocrx_word' id='word_1_137' title='bbox 362 2727 438 2798; x_wconf 89' lang='lat' dir='ltr'>aliis</span> <span class='ocrx_word' id='word_1_138' title='bbox 453 2725 692 2824; x_wconf 90' lang='lat' dir='ltr'>popularibus</span> <span class='ocrx_word' id='word_1_139' title='bbox 706 2729 803 2798; x_wconf 84' lang='lat' dir='ltr'>suis²</span> <span class='ocrx_word' id='word_1_140' title='bbox 819 2730 1053 2800; x_wconf 86' lang='lat' dir='ltr'>intraverunt.</span> <span class='ocrx_word' id='word_1_141' title='bbox 1069 2729 1127 2801; x_wconf 92' lang='lat' dir='ltr'>Ob</span> <span class='ocrx_word' id='word_1_142' title='bbox 1140 2731 1228 2814; x_wconf 88' lang='lat' dir='ltr'>hoc,</span> <span class='ocrx_word' id='word_1_143' title='bbox 1246 2747 1323 2800; x_wconf 90' lang='lat' dir='ltr'>tan-</span> 
     </span>
     <span class='ocr_line' id='line_1_22' title="bbox 263 2836 1324 2932; baseline 0.004 -26"><span class='ocrx_word' id='word_1_144' title='bbox 263 2862 371 2932; x_wconf 87' lang='lat' dir='ltr'>quam</span> <span class='ocrx_word' id='word_1_145' title='bbox 387 2836 485 2908; x_wconf 87' lang='lat' dir='ltr'>nefas</span> <span class='ocrx_word' id='word_1_146' title='bbox 499 2845 681 2908; x_wconf 90' lang='lat' dir='ltr'>summ&#39;um</span> <span class='ocrx_word' id='word_1_147' title='bbox 696 2839 974 2926; x_wconf 88' lang='lat' dir='ltr'>commisissent,</span> <span class='ocrx_word' id='word_1_148' title='bbox 988 2839 1034 2910; x_wconf 90' lang='lat' dir='ltr'>ab</span> <span class='ocrx_word' id='word_1_149' title='bbox 1048 2839 1324 2912; x_wconf 88' lang='lat' dir='ltr'>Atheniensibus</span> 
     </span>
     <span class='ocr_line' id='line_1_23' title="bbox 264 2946 1324 3039; baseline 0.003 -22"><span class='ocrx_word' id='word_1_150' title='bbox 264 2949 342 3018; x_wconf 87' lang='lat' dir='ltr'>caesi</span> <span class='ocrx_word' id='word_1_151' title='bbox 360 2963 454 3018; x_wconf 88' lang='lat' dir='ltr'>sunt.</span> <span class='ocrx_word' id='word_1_152' title='bbox 471 2953 690 3034; x_wconf 88' lang='lat' dir='ltr'>Acarnanes,</span> <span class='ocrx_word' id='word_1_153' title='bbox 712 2946 891 3018; x_wconf 90' lang='lat' dir='ltr'>mortibus</span> <span class='ocrx_word' id='word_1_154' title='bbox 909 2975 1058 3020; x_wconf 89' lang='lat' dir='ltr'>suorum</span> <span class='ocrx_word' id='word_1_155' title='bbox 1076 2952 1266 3039; x_wconf 91' lang='lat' dir='ltr'>commoti,</span> <span class='ocrx_word' id='word_1_156' title='bbox 1283 2949 1324 3020; x_wconf 91' lang='lat' dir='ltr'>ad</span> 
     </span>
     <span class='ocr_line' id='line_1_24' title="bbox 263 3057 1326 3156; baseline 0.003 -30"><span class='ocrx_word' id='word_1_157' title='bbox 263 3057 496 3136; x_wconf 86' lang='lat' dir='ltr'>vindicandos</span> <span class='ocrx_word' id='word_1_158' title='bbox 510 3058 590 3128; x_wconf 91' lang='lat' dir='ltr'>illos</span> <span class='ocrx_word' id='word_1_159' title='bbox 604 3057 775 3126; x_wconf 84' lang='lat' dir='ltr'>auxilium</span> <span class='ocrx_word' id='word_1_160' title='bbox 788 3082 808 3126; x_wconf 89' lang='lat' dir='ltr'>a</span> <span class='ocrx_word' id='word_1_161' title='bbox 819 3057 984 3156; x_wconf 90' lang='lat' dir='ltr'>Philippo</span> <span class='ocrx_word' id='word_1_162' title='bbox 997 3060 1188 3156; x_wconf 86' lang='lat' dir='ltr'>petierunt.</span> <span class='ocrx_word' id='word_1_163' title='bbox 1203 3061 1326 3129; x_wconf 90' lang='lat' dir='ltr'>Paucis</span> 
     </span>
     <span class='ocr_line' id='line_1_25' title="bbox 239 3166 1324 3266; baseline 0.002 -29"><span class='ocrx_word' id='word_1_164' title='bbox 239 3191 244 3203; x_wconf 81' lang='grc'><strong><em>’</em></strong></span> <span class='ocrx_word' id='word_1_165' title='bbox 265 3167 451 3238; x_wconf 89' lang='lat' dir='ltr'>mensibus</span> <span class='ocrx_word' id='word_1_166' title='bbox 465 3183 548 3264; x_wconf 88' lang='lat' dir='ltr'>post</span> <span class='ocrx_word' id='word_1_167' title='bbox 562 3191 688 3264; x_wconf 88' lang='lat' dir='ltr'>pacem</span> <span class='ocrx_word' id='word_1_168' title='bbox 703 3166 1057 3266; x_wconf 85' lang='lat' dir='ltr'>Carthaginiensibus</span> <span class='ocrx_word' id='word_1_169' title='bbox 1069 3169 1207 3256; x_wconf 90' lang='lat' dir='ltr'>datam,</span> <span class='ocrx_word' id='word_1_170' title='bbox 1222 3171 1324 3266; x_wconf 91' lang='lat' dir='ltr'>quin-</span> 
     </span>
     <span class='ocr_line' id='line_1_26' title="bbox 267 3276 1325 3374; baseline 0.002 -26"><span class='ocrx_word' id='word_1_171' title='bbox 267 3279 466 3374; x_wconf 87' lang='lat' dir='ltr'>gentesimo</span> <span class='ocrx_word' id='word_1_172' title='bbox 490 3278 787 3374; x_wconf 85' lang='lat' dir='ltr'>quinquagesimo</span> <span class='ocrx_word' id='word_1_173' title='bbox 816 3276 935 3350; x_wconf 80' lang='lat' dir='ltr'>ann0³</span> <span class='ocrx_word' id='word_1_174' title='bbox 967 3281 1013 3351; x_wconf 92' lang='lat' dir='ltr'>ab</span> <span class='ocrx_word' id='word_1_175' title='bbox 1037 3279 1137 3350; x_wconf 90' lang='lat' dir='ltr'>Urbe</span> <span class='ocrx_word' id='word_1_176' title='bbox 1164 3281 1325 3367; x_wconf 84' lang='lat' dir='ltr'>condita,</span> 
     </span>
    </p>
   </div>
   <div class='ocr_carea' id='block_1_5' title="bbox 270 3455 1331 3839">
    <p class='ocr_par' dir='ltr' id='par_1_6' title="bbox 270 3455 1331 3839">
     <span class='ocr_line' id='line_1_27' title="bbox 303 3455 1327 3526; baseline 0.004 -20"><span class='ocrx_word' id='word_1_177' title='bbox 303 3477 327 3508; x_wconf 82' lang='lat'>2.</span> <span class='ocrx_word' id='word_1_178' title='bbox 346 3459 410 3522; x_wconf 85' lang='lat' dir='ltr'>Scr&#39;p.</span> <span class='ocrx_word' id='word_1_179' title='bbox 423 3455 518 3522; x_wconf 66' lang='lat' dir='ltr'>Afric„</span> <span class='ocrx_word' id='word_1_180' title='bbox 532 3457 647 3506; x_wconf 81' lang='lat' dir='ltr'>incertum</span> <span class='ocrx_word' id='word_1_181' title='bbox 665 3457 778 3516; x_wconf 82' lang='lat' dir='ltr'>militari,</span> <span class='ocrx_word' id='word_1_182' title='bbox 822 3459 915 3507; x_wconf 85' lang='lat' dir='ltr'>Duker.</span> <span class='ocrx_word' id='word_1_183' title='bbox 927 3459 1026 3509; x_wconf 83' lang='lat' dir='ltr'>Confer.</span> <span class='ocrx_word' id='word_1_184' title='bbox 1037 3463 1130 3510; x_wconf 86' lang='lat' dir='ltr'>Meurs.</span> <span class='ocrx_word' id='word_1_185' title='bbox 1147 3461 1227 3510; x_wconf 88' lang='lat' dir='ltr'>Eleus.</span> <span class='ocrx_word' id='word_1_186' title='bbox 1240 3477 1293 3526; x_wconf 82' lang='lat' dir='ltr'>cap.</span> <span class='ocrx_word' id='word_1_187' title='bbox 1304 3465 1327 3510; x_wconf 79' lang='lat'>6.</span> 
     </span>
     <span class='ocr_line' id='line_1_28' title="bbox 270 3536 1330 3606; baseline 0.002 -20"><span class='ocrx_word' id='word_1_188' title='bbox 270 3550 317 3588; x_wconf 86' lang='lat' dir='ltr'>eto.</span> <span class='ocrx_word' id='word_1_189' title='bbox 335 3539 398 3587; x_wconf 82' lang='lat' dir='ltr'>forte</span> <span class='ocrx_word' id='word_1_190' title='bbox 419 3537 466 3586; x_wconf 85' lang='lat' dir='ltr'>del.</span> <span class='ocrx_word' id='word_1_191' title='bbox 477 3537 534 3606; x_wconf 77' lang='lat' dir='ltr'>ita,</span> <span class='ocrx_word' id='word_1_192' title='bbox 546 3549 570 3584; x_wconf 87' lang='lat' dir='ltr'>et</span> <span class='ocrx_word' id='word_1_193' title='bbox 584 3536 619 3584; x_wconf 84' lang='lat' dir='ltr'>sic</span> <span class='ocrx_word' id='word_1_194' title='bbox 630 3536 779 3600; x_wconf 78' lang='lat' dir='ltr'>distingueri-</span> <span class='ocrx_word' id='word_1_195' title='bbox 858 3554 884 3586; x_wconf 78' lang='lat' dir='ltr'>a.</span> <span class='ocrx_word' id='word_1_196' title='bbox 903 3537 963 3586; x_wconf 83' lang='lat' dir='ltr'>Cum</span> <span class='ocrx_word' id='word_1_197' title='bbox 978 3539 1039 3600; x_wconf 80' lang='lat' dir='ltr'>aliis¹</span> <span class='ocrx_word' id='word_1_198' title='bbox 1047 3541 1209 3605; x_wconf 81' lang='lat' dir='ltr'>popularibus</span> <span class='ocrx_word' id='word_1_199' title='bbox 1230 3541 1279 3588; x_wconf 81' lang='lat' dir='ltr'>suis</span> <span class='ocrx_word' id='word_1_200' title='bbox 1300 3559 1330 3588; x_wconf 85' lang='lat' dir='ltr'>ex</span> 
     </span>
     <span class='ocr_line' id='line_1_29' title="bbox 272 3614 1328 3682; baseline 0.001 -17"><span class='ocrx_word' id='word_1_201' title='bbox 272 3619 329 3666; x_wconf 85' lang='lat' dir='ltr'>dum</span> <span class='ocrx_word' id='word_1_202' title='bbox 338 3653 345 3675; x_wconf 91' lang='lat'>,</span> <span class='ocrx_word' id='word_1_203' title='bbox 354 3617 448 3664; x_wconf 84' lang='lat' dir='ltr'>sublata</span> <span class='ocrx_word' id='word_1_204' title='bbox 457 3615 595 3680; x_wconf 85' lang='lat' dir='ltr'>parenthesi</span> <span class='ocrx_word' id='word_1_205' title='bbox 605 3629 614 3675; x_wconf 82' lang='lat'>3</span> <span class='ocrx_word' id='word_1_206' title='bbox 625 3614 705 3679; x_wconf 67' lang='lat' dir='ltr'>Sct&#39;jrio</span> <span class='ocrx_word' id='word_1_207' title='bbox 716 3614 780 3680; x_wconf 84' lang='lat' dir='ltr'>Afri-</span> <span class='ocrx_word' id='word_1_208' title='bbox 823 3617 920 3667; x_wconf 79' lang='lat' dir='ltr'>emend,</span> <span class='ocrx_word' id='word_1_209' title='bbox 939 3617 1023 3682; x_wconf 80' lang='lat' dir='ltr'>Sigon.</span> <span class='ocrx_word' id='word_1_210' title='bbox 1033 3619 1144 3682; x_wconf 81' lang='lat' dir='ltr'>pluribus</span> <span class='ocrx_word' id='word_1_211' title='bbox 1157 3621 1220 3667; x_wconf 87' lang='lat' dir='ltr'>Mss</span> <span class='ocrx_word' id='word_1_212' title='bbox 1236 3630 1261 3667; x_wconf 87' lang='lat' dir='ltr'>ct</span> <span class='ocrx_word' id='word_1_213' title='bbox 1275 3619 1328 3667; x_wconf 86' lang='lat' dir='ltr'>edd.</span> 
     </span>
     <span class='ocr_line' id='line_1_30' title="bbox 270 3694 1330 3762; baseline 0 -18"><span class='ocrx_word' id='word_1_214' title='bbox 270 3713 357 3753; x_wconf 83' lang='lat' dir='ltr'>canus,</span> <span class='ocrx_word' id='word_1_215' title='bbox 373 3697 610 3752; x_wconf 76' lang='lat' dir='ltr'>incertum...aura‚</span> <span class='ocrx_word' id='word_1_216' title='bbox 625 3694 779 3758; x_wconf 79' lang='lat' dir='ltr'>cognomina·</span> <span class='ocrx_word' id='word_1_217' title='bbox 824 3706 882 3746; x_wconf 82' lang='lat' dir='ltr'>vett.</span> <span class='ocrx_word' id='word_1_218' title='bbox 902 3713 957 3744; x_wconf 86' lang='lat' dir='ltr'>cum</span> <span class='ocrx_word' id='word_1_219' title='bbox 969 3696 1024 3745; x_wconf 84' lang='lat' dir='ltr'>alir&#39;s</span> <span class='ocrx_word' id='word_1_220' title='bbox 1032 3698 1143 3762; x_wconf 81' lang='lat' dir='ltr'>pluribus</span> <span class='ocrx_word' id='word_1_221' title='bbox 1155 3698 1194 3745; x_wconf 82' lang='lat' dir='ltr'>vel</span> <span class='ocrx_word' id='word_1_222' title='bbox 1208 3714 1264 3744; x_wconf 81' lang='lat' dir='ltr'>curn</span> <span class='ocrx_word' id='word_1_223' title='bbox 1277 3699 1330 3745; x_wconf 84' lang='lat' dir='ltr'>aliis</span> 
     </span>
     <span class='ocr_line' id='line_1_31' title="bbox 271 3773 1331 3839; baseline 0.002 -17"><span class='ocrx_word' id='word_1_224' title='bbox 271 3787 327 3823; x_wconf 84' lang='lat' dir='ltr'>tus:</span> <span class='ocrx_word' id='word_1_225' title='bbox 342 3775 437 3839; x_wconf 81' lang='lat' dir='ltr'>primus</span> <span class='ocrx_word' id='word_1_226' title='bbox 455 3785 534 3830; x_wconf 76' lang='lat' dir='ltr'>certe,</span> <span class='ocrx_word' id='word_1_227' title='bbox 549 3785 595 3821; x_wconf 86' lang='lat' dir='ltr'>etc.</span> <span class='ocrx_word' id='word_1_228' title='bbox 609 3773 675 3822; x_wconf 84' lang='lat' dir='ltr'>Dulr.</span> <span class='ocrx_word' id='word_1_229' title='bbox 824 3777 890 3836; x_wconf 89' lang='lat' dir='ltr'>conj.</span> <span class='ocrx_word' id='word_1_230' title='bbox 908 3776 985 3826; x_wconf 81' lang='lat' dir='ltr'>Periz.</span> <span class='ocrx_word' id='word_1_231' title='bbox 1002 3793 1057 3826; x_wconf 81' lang='lat' dir='ltr'>cum</span> <span class='ocrx_word' id='word_1_232' title='bbox 1073 3789 1162 3824; x_wconf 82' lang='lat' dir='ltr'>coetera</span> <span class='ocrx_word' id='word_1_233' title='bbox 1181 3776 1253 3823; x_wconf 78' lang='lat' dir='ltr'>mrba</span> <span class='ocrx_word' id='word_1_234' title='bbox 1271 3776 1331 3824; x_wconf 83' lang='lat' dir='ltr'>dixit</span> 
     </span>
    </p>
   </div>
   <div class='ocr_carea' id='block_1_6' title="bbox 306 3839 1463 3923">
    <p class='ocr_par' dir='ltr' id='par_1_7' title="bbox 306 3839 1463 3923">
     <span class='ocr_line' id='line_1_32' title="bbox 306 3839 1463 3923; baseline 0 -23"><span class='ocrx_word' id='word_1_235' title='bbox 306 3841 378 3903; x_wconf 82' lang='lat' dir='ltr'>Errr.</span> <span class='ocrx_word' id='word_1_236' title='bbox 389 3855 489 3902; x_wconf 81' lang='lat' dir='ltr'>XXXI.</span> <span class='ocrx_word' id='word_1_237' title='bbox 507 3870 528 3902; x_wconf 91' lang='lat'>1.</span> <span class='ocrx_word' id='word_1_238' title='bbox 549 3857 648 3902; x_wconf 77' lang='lat' dir='ltr'>Iuvenes</span> <span class='ocrx_word' id='word_1_239' title='bbox 665 3856 800 3918; x_wconf 14' lang='lat' dir='ltr'>Acarna-¹</span> <span class='ocrx_word' id='word_1_240' title='bbox 825 3855 922 3913; x_wconf 85' lang='lat' dir='ltr'>Livius,</span> <span class='ocrx_word' id='word_1_241' title='bbox 937 3871 990 3923; x_wconf 85' lang='lat' dir='ltr'>cap.</span> <span class='ocrx_word' id='word_1_242' title='bbox 1008 3855 1204 3912; x_wconf 78' lang='lat' dir='ltr'>14.-Mortibus</span> <span class='ocrx_word' id='word_1_243' title='bbox 1215 3872 1330 3911; x_wconf 82' lang='lat' dir='ltr'>suorum,-</span> <span class='ocrx_word' id='word_1_244' title='bbox 1370 3887 1375 3896; x_wconf 87' lang='lat'><em>.</em></span> <span class='ocrx_word' id='word_1_245' title='bbox 1462 3839 1463 3850; x_wconf 13' lang='grc' dir='ltr'>ἵ</span> 
     </span>
    </p>
   </div>
   <div class='ocr_carea' id='block_1_7' title="bbox 273 3931 1331 4154">
    <p class='ocr_par' dir='ltr' id='par_1_8' title="bbox 273 3931 1331 4154">
     <span class='ocr_line' id='line_1_33' title="bbox 273 3931 1019 4000; baseline 0.004 -23"><span class='ocrx_word' id='word_1_246' title='bbox 273 3949 326 3988; x_wconf 83' lang='lat' dir='ltr'>nes,</span> <span class='ocrx_word' id='word_1_247' title='bbox 342 3933 385 3995; x_wconf 82' lang='lat' dir='ltr'>qui</span> <span class='ocrx_word' id='word_1_248' title='bbox 401 3950 449 3980; x_wconf 84' lang='lat' dir='ltr'>non</span> <span class='ocrx_word' id='word_1_249' title='bbox 468 3933 560 3981; x_wconf 81' lang='lat' dir='ltr'>initiati</span> <span class='ocrx_word' id='word_1_250' title='bbox 577 3944 660 3990; x_wconf 82' lang='lat' dir='ltr'>erant,</span> <span class='ocrx_word' id='word_1_251' title='bbox 672 3931 780 3980; x_wconf 78' lang='lat' dir='ltr'>Athenas</span> <span class='ocrx_word' id='word_1_252' title='bbox 826 3933 891 3980; x_wconf 87' lang='lat' dir='ltr'>coni.</span> <span class='ocrx_word' id='word_1_253' title='bbox 903 3933 978 3981; x_wconf 87' lang='lat' dir='ltr'>Drak.</span> <span class='ocrx_word' id='word_1_254' title='bbox 1017 3995 1019 4000; x_wconf 21' lang='grc' dir='ltr'>ι</span> 
     </span>
     <span class='ocr_line' id='line_1_34' title="bbox 273 4001 1330 4078; baseline 0.004 -22"><span class='ocrx_word' id='word_1_255' title='bbox 273 4005 403 4068; x_wconf 74' lang='lat' dir='ltr'>uenerunt,</span> <span class='ocrx_word' id='word_1_256' title='bbox 420 4013 467 4060; x_wconf 86' lang='lat' dir='ltr'>hoc</span> <span class='ocrx_word' id='word_1_257' title='bbox 486 4001 589 4062; x_wconf 85' lang='lat' dir='ltr'>obscure</span> <span class='ocrx_word' id='word_1_258' title='bbox 607 4013 711 4077; x_wconf 81' lang='lat' dir='ltr'>dictum,</span> <span class='ocrx_word' id='word_1_259' title='bbox 725 4014 781 4076; x_wconf 90' lang='lat' dir='ltr'>quia</span> <span class='ocrx_word' id='word_1_260' title='bbox 862 4014 897 4072; x_wconf 63' lang='lat'>3„</span> <span class='ocrx_word' id='word_1_261' title='bbox 914 4011 1105 4076; x_wconf 75' lang='lat' dir='ltr'>Quingentesimo</span> <span class='ocrx_word' id='word_1_262' title='bbox 1134 4011 1330 4078; x_wconf 74' lang='lat' dir='ltr'>quinquagesimo</span> 
     </span>
     <span class='ocr_line' id='line_1_35' title="bbox 275 4089 1331 4154; baseline 0.001 -18"><span class='ocrx_word' id='word_1_263' title='bbox 275 4089 387 4153; x_wconf 77' lang='lat' dir='ltr'>ternplum</span> <span class='ocrx_word' id='word_1_264' title='bbox 411 4091 500 4138; x_wconf 84' lang='lat' dir='ltr'>Cereris</span> <span class='ocrx_word' id='word_1_265' title='bbox 522 4109 573 4140; x_wconf 91' lang='lat' dir='ltr'>non</span> <span class='ocrx_word' id='word_1_266' title='bbox 600 4093 646 4142; x_wconf 80' lang='lat' dir='ltr'>fuit</span> <span class='ocrx_word' id='word_1_267' title='bbox 668 4093 782 4150; x_wconf 65' lang='lat' dir='ltr'>Athenin</span> <span class='ocrx_word' id='word_1_268' title='bbox 827 4107 891 4140; x_wconf 78' lang='lat' dir='ltr'>nuno</span> <span class='ocrx_word' id='word_1_269' title='bbox 898 4110 907 4148; x_wconf 92' lang='lat'><em>;</em></span> <span class='ocrx_word' id='word_1_270' title='bbox 924 4089 1000 4138; x_wconf 88' lang='lat' dir='ltr'>edidit</span> <span class='ocrx_word' id='word_1_271' title='bbox 1012 4091 1137 4139; x_wconf 83' lang='lat' dir='ltr'>Creverius</span> <span class='ocrx_word' id='word_1_272' title='bbox 1145 4089 1331 4154; x_wconf 79' lang='lat' dir='ltr'>quingentesimo</span> 
     </span>
    </p>
   </div>
   <div class='ocr_carea' id='block_1_8' title="bbox 0 0 1519 4712">
    <p class='ocr_par' dir='ltr' id='par_1_9' title="bbox 0 0 1519 4712">
     <span class='ocr_line' id='line_1_36' title="bbox 0 0 1519 4712; baseline 0 0"><span class='ocrx_word' id='word_1_273' title='bbox 0 0 1519 4712; x_wconf 95' lang='lat' dir='ltr'> </span> 
     </span>
    </p>
   </div>
  </div>
 </body>
</html>
