2972 4720
198 370 261 469 tt:
277 368 324 480 {331
437 386 588 455 menn
620 387 739 456 xtu.
769 389 872 455 ose.
899 387 961 454 vr.
1193 386 1233 458 ιι

172 507 404 580 Ptolemaeum
420 504 637 582 renovandae
651 506 813 578 amicitiae
827 529 932 578 causa
944 504 1124 605 proficisci
1135 509 1235 604 jussi.

172 618 295 715 Legati
319 630 421 688 erant
445 616 505 702 hi,
535 619 575 687 C.
600 608 787 704 Valerius,
819 619 883 686 Cn.
911 617 1075 688 Lutatius
1102 623 1237 708 Cerco,

174 731 216 818 Q.
241 725 380 799 Baebius
399 727 524 814 Sulca,
541 731 589 798 M.
610 727 799 798 Cornelius
816 727 1033 816 Mammula,
1055 732 1104 798 Μ.
1119 732 1237 810 ,caeci-
1287 820 1290 824 ‚

171 838 241 910 tius
262 843 411 912 Denter.
437 841 481 908 Et
505 839 548 908 ab
572 837 754 908 Antiocho
772 861 858 933 rege
884 836 952 908 sub
977 837 1074 910 idem
1095 853 1238 936 tempus

172 950 278 1046 legati
298 962 495 1036 venerunt;
516 973 673 1046 quorum
695 949 863 1045 princeps
877 947 1109 1044 Apollonius,
1128 950 1167 1018 in
1188 973 1238 1020 se·

173 1074 297 1132 natum
315 1058 560 1145 introductus,
578 1059 701 1129 multis
711 1059 890 1154 justisque
908 1058 1023 1128 causis
1041 1081 1163 1152 regern
1182 1083 1239 1130 ex·

173 1171 329 1256 cusavit,
346 1170 449 1266 quod
459 1171 676 1267 stipendium
690 1175 804 1239 serius
816 1168 944 1265 quoad
958 1168 1074 1238 diem‘*
1083 1187 1239 1265 proesta·

173 1297 235 1352 ret.
259 1282 308 1351 Id
325 1305 364 1350 se
385 1304 492 1351 omne
513 1280 716 1366 advenisse,
740 1304 785 1349 ne
808 1280 929 1372 cujus,
957 1283 1029 1347 nisi
1052 1285 1237 1376 temporis,

170 1396 290 1486 gratia
303 1393 497 1487 regifieret.
508 1395 656 1460 Donum
657 1405 839 1487 praetereu
852 1390 985 1478 afferre
992 1441 1002 1472 ‚
1017 1413 1110 1458 uasa
1125 1413 1239 1458 aurea

173 1506 407 1597 quingentum
414 1483 556 1598 pondo
572 1505 699 1570 Petere
716 1523 852 1594 regem,
871 1515 926 1582 ut,
942 1521 1027 1595 quae
1042 1515 1240 1595 cumpatre

172 1634 238 1680 suo
254 1617 405 1682 societas
426 1625 535 1706 utque
555 1615 715 1680 amicitia
723 1612 876 1704 ficisset,
893 1633 939 1678 ea
956 1632 1077 1678 secum
1095 1633 1240 1679 renova·
1299 1703 1301 1706 Ι

172 1736 287 1802 retum
303 1727 565 1817 imperaretque
579 1719 650 1790 sibi
653 1717 817 1816 populus
836 1743 1025 1802 romanus„
1042 1739 1126 1813 quie
1145 1717 1240 1787 bono

162 1829 344 1926 fidelique
368 1834 466 1901 socio
493 1836 571 1926 regi
598 1845 714 1900 essent
737 1829 960 1926 imperanda.
988 1831 1032 1898 Se
1059 1827 1160 1897 nullo
1186 1853 1241 1897 us-

173 1965 284 2036 quam
312 1957 532 2013 cessaturum
559 1934 691 2034 officio.
722 1945 781 2010 En
809 1946 937 2010 merita
966 1945 1240 2009 insererentur

149 2053 299 2140 fuisse,
319 2076 430 2147 quum
450 2057 576 2121 Romae
594 2067 700 2134 esset,
718 2075 799 2120 eum
815 2056 1018 2121 comitatem
1022 2052 1238 2143 juventutis,

175 2177 216 2230 ut
224 2185 294 2257 pro
313 2185 417 2255 rege,
439 2185 513 2231 nou
529 2185 605 2257 pro
621 2161 764 2246 obside,
781 2159 948 2231 omuibus
965 2158 1151 2229 ordinibus
1152 2161 1241 2250 fue-

174 2274 228 2338 rit.
246 2271 388 2366 Legatis
403 2267 561 2367 benigne
578 2294 793 2367 responsum
805 2266 832 2354 ⁵,
854 2283 890 2339 et
907 2270 1114 2338 societatem
1132 2293 1239 2338 reno-

175 2403 257 2448 vare
270 2401 354 2448 cum
364 2365 563 2466 Antiocho,
576 2403 745 2475 quaecum
756 2393 856 2478 patre
872 2378 950 2472 ejus
964 2375 1094 2464 fuerat,
1110 2381 1152 2446 A.
1164 2380 1239 2449 Ati·

175 2487 244 2558 lius
260 2503 391 2595 praetor
405 2487 566 2570 urbanus
580 2491 711 2584 jussus.
728 2493 932 2580 Quaestores
953 2485 1084 2558 urbani
1104 2489 1240 2585 stipen-

175 2597 384 2684 dium‚vasa
392 2623 498 2669 aurea
507 2623 673 2672 censores
682 2599 1045 2698 acceperunt3eisque
1053 2597 1237 2694 negotium

175 2707 297 2778 datum
318 2723 389 2790 est,
404 2723 445 2779 ut
464 2725 641 2806 ponerent
660 2736 720 2796 ea,
737 2709 923 2808 inquibus
942 2708 1084 2806 templis
1099 2709 1240 2780 videre-

175 2831 256 2887 tur.-
273 2817 463 2915 legatoque
481 2835 623 2890 centum
644 2822 793 2892 millium
818 2821 895 2892 aeris
914 2845 1047 2892 munus
1070 2821 1239 2906 missum,

175 2941 212 2994 et
232 2923 323 2996 aedes
342 2927 460 2998 liberae
482 2928 639 3027 hospitio
658 2929 747 3002 datae
756 2927 785 3015 ⁶,
803 2945 1041 3027 sumptusque
1060 2929 1241 3012 decrens,

175 3112 248 3156 rent‚·
258 3100 314 3148 vide
322 3101 478 3162 sunus,
488 3119 514 3154 u.
526 3103 631 3160 tt-Gn.
640 3106 686 3150 Lu·
728 3121 760 3152 ex
776 3102 912 3153 rationibus
925 3101 1045 3159 Creverii3
1064 3101 1108 3166 qui
1125 3111 1240 3164 preterea

176 3179 252 3227 tatius
265 3180 353 3236 Cerco,
369 3181 431 3229 forte
444 3181 469 3230 C.
480 3186 535 3230 Lut.
549 3181 684 3244 C.,·Sigon.
728 3182 760 3230 ud
777 3181 843 3229 hunc
856 3182 936 3230 locum
955 3191 1026 3230 notet
1040 3180 1135 3228 Livium
1152 3181 1240 3244 procul

198 3297 200 3306 .
212 3268 235 3314 t.
245 3260 325 3306 Serius
334 3261 419 3324 quoad
429 3261 492 3310 diem
501 3264 598 3318 ,ximmo
610 3261 687 3310 serius
729 3261 807 3310 dubio
820 3275 946 3310 numerum
957 3271 1069 3307 vasotum
1083 3259 1240 3324 apposuisse,

177 3353 250 3400 quam
260 3338 296 3384 ad
303 3337 383 3395 diem
393 3339 458 3387 nuk.
469 3375 476 3397 ,
487 3335 564 3390 oron.
576 3350 601 3388 et
610 3339 683 3388 Drak.
729 3358 800 3404 quern
813 3340 968 3388 librariorum
979 3339 1073 3387 incuria
1083 3341 1162 3402 perire
1170 3355 1239 3403 passu

176 3417 218 3477 qui
230 3415 333 3475 docent,
345 3419 431 3481 quoad
438 3433 485 3482 pro
499 3431 619 3483 quantum
632 3421 682 3477 ad,
729 3433 772 3468 est.
783 3422 948 3470 Momentum
957 3418 1036 3468 milita
1044 3420 1099 3466 nris
1108 3419 1172 3468 idem
1181 3415 1241 3471 usti¹¹
1318 3437 1319 3442 ¹
1388 3455 1390 3462 .

176 3495 245 3556 quod
255 3495 343 3544 attinet
355 3497 403 3554 ad,
415 3499 481 3562 npud
493 3499 585 3562 probos
594 3499 684 3564 linguae
727 3511 778 3548 ruet
794 3487 881 3548 marcis
898 3499 992 3562 urgenti
1010 3498 1158 3548 nostratibus
1173 3499 1239 3556 156,

176 3572 257 3621 latinae
268 3577 398 3639 scriptores
406 3592 458 3626 nnn
467 3592 592 3626 occurrere
600 3614 607 3635 ,
615 3578 685 3626 ideo·
727 3579 807 3627 unciis
818 3596 843 3626 2.
852 3581 897 3626 En.

176 3668 224 3714 qne
237 3653 303 3718 apud
315 3655 394 3702 Plant.
409 3657 496 3705 Pseud.
508 3660 547 3715 11,
558 3673 572 3703 n
582 3693 588 3716 ,
599 3675 623 3704 v.
635 3674 683 3720 29,
764 3659 788 3706 ⁵.
799 3657 896 3722 Legatis
905 3657 1005 3722 ῠιιιιξςιιι
1013 3669 1164 3720 responsum,
1177 3655 1239 3702 sorte

175 3732 221 3794 leg·
239 3749 315 3796 quam
328 3735 364 3781 ad
371 3752 382 3791 ;
394 3735 461 3798 apud
471 3739 542 3784 Vsrr.
561 3737 630 3800 Ling.
642 3737 686 3786 leti
730 3738 825 3802 iegato,
835 3738 889 3786 scil.
905 3737 1057 3802 Apollonio,
1070 3735 1113 3797 qui
1130 3733 1196 3780 solus
1212 3734 1244 3782 in

119 3856 127 3888 ἱ
176 3812 237 3866 vn,
249 3813 297 3869 23,
308 3826 333 3861 et
342 3817 378 3862 ne
389 3815 459 3863 Rust.
470 3819 497 3873 1,
509 3831 538 3877 9,
549 3833 574 3862 ιι.
585 3817 609 3872 5,
619 3817 688 3880 qued
729 3827 839 3864 sonatum
858 3818 936 3865 iuerat
952 3814 1115 3864 introductus.
1132 3813 1199 3860 Hine
1214 3825 1240 3862 et

176 3889 221 3938 ad.
232 3891 303 3940 conf.
313 3894 397 3941 Vorst.
408 3895 439 3942 de
452 3896 531 3942 Latin.
543 3909 602 3943 mer.
615 3913 682 3961 susp.
730 3909 788 3942 mox
806 3895 935 3960 legatoque
954 3904 1050 3941 eentum
1067 3891 1168 3942 nullium
1185 3893 1240 3942 terit

176 3983 231 4031 cap.
247 3970 288 4018 ἂι.
302 3997 335 4007 -
352 3975 417 4020 Vasa
434 3989 510 4020 aurea
529 3974 685 4038 quingentum
730 3975 929 4022 munusmissum.
939 3973 1012 4021 Cuni.
1022 3989 1047 4020 n.
1058 3973 1083 4020 6.

172 4047 276 4110 pondo‚·
297 4050 429 4114 quingenta
450 4052 535 4115 pontio
555 4053 607 4100 nuri
629 4065 687 4102 sunt
765 4055 790 4101 6.
800 4053 875 4101 AE'des
889 4053 970 4100 libera
983 4050 1086 4115 hospitio
1100 4051 1179 4106 data,
1192 4061 1240 4098 etc.

177 4142 264 4174 marcae
278 4130 331 4177 nuri
348 4133 467 4180 nostrates
482 4133 546 4191 781,
562 4135 640 4180 unciae
654 4149 685 4192 n,
730 4131 787 4181 vide
798 4133 828 4180 td
842 4134 927 4182 XXIV
931 4165 938 4191 ,
950 4145 974 4193 7,
985 4147 1011 4180 n.
1026 4132 1057 4189 3,
1071 4142 1095 4179 et
1108 4131 1240 4189 xxvnr,
