2970 4712
260 373 329 442 302
683 369 721 433 r.
753 369 891 437 mvn
1170 347 1292 448 tjgjsstj

257 492 362 590 quoti
380 513 472 560 unus
492 511 623 558 nomen
644 493 781 582 regium
799 503 834 556 et
844 493 1073 583 praecipuum
1095 493 1222 583 capitis
1238 493 1318 557 insi-

256 627 329 698 gne
343 616 460 697 gerat,
477 621 600 669 omnes
608 597 748 686 fratres
761 611 919 690 regnent.
931 594 1097 666 Attalum
1113 620 1217 681 nero,
1231 602 1319 692 quia

262 726 369 781 [etate
373 714 564 807 proximus
575 759 585 793 ,
605 712 686 802 quis
702 730 775 775 non
784 730 854 802 pro
867 729 949 799 rege
961 705 1123 778 habeat?
1140 729 1257 802 neque
1276 729 1318 774 eo

258 822 396 906 solum,
417 826 504 917 qnia
529 834 648 889 tantas
659 835 857 914 praesentes
883 819 960 912 ejus
979 841 1067 913 opes
1088 832 1228 902 cernat,
1254 817 1322 886 sed

260 932 361 1032 quod
379 931 482 1002 nand
499 929 709 1024 ambiguum
727 953 845 1025 prope
866 927 961 996 diem
983 941 1214 1022 regnaturum
1235 949 1318 998 eum

259 1045 487 1140 infirmitate⁹
508 1055 686 1135 aetateque
705 1042 876 1106 Eumem's
892 1051 998 1120 esset,
1018 1033 1157 1104 nullam
1172 1040 1317 1130 stirpem

258 1152 411 1221 liberum
430 1147 593 1218 habentis
615 1146 790 1242 (necdum
811 1149 907 1218 enim
922 1158 1113 1242 agnoverat
1131 1157 1232 1229 eum,
1254 1145 1318 1239 qui
1348 1217 1352 1224 ,

257 1275 382 1360 postea
412 1255 612 1355 regnavit).
649 1256 750 1347 Quid
771 1261 936 1325 attineret
951 1265 982 1298 1⁰
1011 1260 1089 1326 vim
1115 1252 1239 1347 affirm
1266 1258 1320 1322 rei

258 1395 325 1442 sua
345 1384 470 1466 sponte
485 1391 573 1437 mox
589 1365 641 1434 nd
656 1389 738 1434 enm
754 1365 982 1436 adventuras?
996 1367 1197 1432 Accessisse
1208 1368 1318 1432 etrum

258 1503 389 1549 novam
409 1491 651 1572 tempestatem
677 1499 786 1570 regno
808 1473 979 1546 tumultus
1004 1472 1152 1559 Gallici,
1173 1478 1234 1542 cui
1251 1479 1318 1540 oin

260 1679 355 1731 tempus
368 1675 404 1712 est
414 1685 435 1709 ν.
448 1664 541 1710 Censeo
553 1670 633 1706 temen
647 1659 738 1712 scribas
749 1671 766 1720 t,
811 1675 867 1706 cum
885 1673 960 1722 regno
981 1667 1107 1721 suscepta,
1128 1657 1239 1704 eumdem
1260 1668 1318 1722 post

260 1743 408 1793 temonibus
412 1759 422 1799 ;
432 1743 509 1789 Gron.
517 1739 589 1803 prob.
598 1737 673 1786 nrsk.
684 1740 726 1801 qui
735 1738 768 1784 itu
813 1739 876 1786 XXI
887 1752 964 1784 annos
971 1752 1132 1784 successorem
1142 1735 1226 1783 habuit
1234 1750 1241 1784 :
1250 1735 1317 1799 qnod

262 1825 311 1872 dici
333 1831 416 1869 monet
434 1833 554 1866 sermones
574 1816 676 1880 tempori
698 1827 769 1879 aptos
811 1817 899 1864 diserte
908 1816 1255 1875 strabo‚x111‚624‚tndit;
1266 1819 1317 1864 Du-

259 1906 304 1960 111,
315 1919 343 1961 ¹7
352 1919 359 1960 ς
367 1899 502 1948 orationem
511 1895 673 1960 tempestivam
682 1907 706 1943 et
714 1907 769 1942 tem·
810 1896 882 1960 ker.)
900 1896 942 1944 scd
958 1896 1112 1950 insolentiori
1127 1895 1229 1964 quodum
1249 1895 1316 1946 verbi

257 1981 316 2045 pori
324 1977 500 2025 convenientem
509 1977 542 2030 V,
554 1991 583 2021 1²
592 1975 717 2033 ,XXXV‚
726 1974 768 2021 36·
785 1969 789 1978 ⁵
812 1969 1019 2046 inodedeippevor
1032 1976 1132 2023 notione
1145 1976 1235 2023 adscita
1246 1990 1253 2022 ε
1266 1991 1318 2021 nec·

296 2074 320 2119 9.
344 2059 507 2120 Regnatnrnm
529 2069 583 2099 enm
613 2051 765 2120 infirmitate,
811 2055 869 2101 dnm
888 2055 952 2101 enim
968 2065 1024 2103 tunc
1041 2053 1066 2100 in
1082 2053 1158 2100 lucem
1171 2053 1250 2101 editus
1266 2065 1319 2100 erat

261 2149 362 2201 propter
374 2130 693 2181 infirmitatem—Necdum
705 2130 769 2184 enim
809 2133 928 2199 genuinus
946 2133 987 2186 iile
1004 2133 1118 2184 termeno
1125 2132 1215 2200 filius:
1229 2134 1269 2180 cui
1281 2133 1317 2182 in·

262 2224 395 2280 agnoverat
408 2213 527 2258 Eumenes
546 2225 610 2266 eum,
630 2209 768 2277 quipottta
812 2212 979 2276 terpretcdoni
1004 2223 1164 2260 consentanee
1189 2223 1244 2258 suut
1266 2223 1316 2258 tum

262 2293 383 2358 regnavit,
400 2285 498 2341 eddium
518 2287 565 2356 γὰρ
588 2282 766 2356 ἂναὸεὸεἱγμε·
811 2292 865 2340 loca
885 2292 963 2339 Str-ab.
981 2302 1005 2338 et
1020 2289 1109 2355 Polyb.
1123 2292 1251 2347 XXXIII,
1269 2291 1316 2348 16,

261 2391 298 2432 νος
314 2372 430 2439 ἐτύγχανε
446 2367 513 2419 κατὰ
527 2367 595 2435 φύσιν
611 2366 659 2425 υἱὸς
673 2364 705 2417 isc
724 2369 767 2419 oi·
811 2371 867 2436 sn,
878 2383 930 2419 tum
944 2371 1016 2418 verba
1030 2369 1128 2433 nolybti
1137 2369 1163 2416 h.
1175 2370 1191 2417 l.
1207 2369 1317 2432 proxime

262 2447 413 2522 comperit
429 2454 510 2500 ταῦτα
527 2439 703 2515 διαδεξάμενος
723 2446 767 2502 τὴν
810 2450 972 2516 praecedentia
997 2453 1038 2502 τοῦ
1064 2448 1182 2518 βασιλέως
1206 2443 1251 2502 dtis
1273 2447 1315 2502 τὴν

262 2531 337 2601 ἀρχὴν
355 2527 442 2593 Polyb.
463 2529 552 2580 XXX·
576 2541 608 2584 ²,
632 2526 648 2591 S
671 2527 703 2583 6,
725 2526 768 2573 ubl
811 2526 944 2592 inedies,
958 2524 1044 2579 ct'nl'ci
1059 2528 1196 2592 βουληθείη,
1213 2521 1317 2596 ductui·

261 2607 395 2673 Schweigh.
406 2607 459 2654 hoec
476 2604 587 2654 notavit:
599 2607 680 2667 “Quae
694 2605 767 2652 verbe
811 2629 851 2660 νου
861 2608 904 2665 τὴν
918 2607 992 2678 ἀρχὴν
1006 2607 1071 2676 ἄλλῳ
1084 2608 1242 2658 mmm.
1266 2606 1315 2669 qui.

259 2682 693 2743 nonvernnmsuntmecdumenim
701 2683 768 2748 agni·
809 2687 856 2738 lms
871 2688 1021 2759 respondent
1037 2687 1062 2736 h.
1076 2687 1093 2736 l.
1111 2687 1209 2738 Liviana
1223 2686 1316 2735 nullom

260 2785 297 2818 tns
302 2768 390 2836 fuerat
401 2765 495 2830 spurius
509 2762 623 2829 illefilins
636 2762 765 2817 Eumenis,
809 2765 906 2830 stirpem
920 2767 1048 2814 liberorum
1058 2763 1175 2812 habentis.
1191 2765 1215 2810 Si
1226 2765 1281 2827 quis
1294 2765 1314 2810 ei

261 2851 303 2915 qni
311 2841 677 2913 posteaillisnccessit(nsmi
701 2841 768 2894 κατὰ
810 2844 932 2892 Livisnem
955 2844 1021 2892 illam
1040 2854 1166 2907 opponat,
1189 2860 1244 2890 eum
1266 2859 1315 2889 non

261 2930 328 2998 φύσιν
350 2927 414 2986 υἱὸς,
432 2921 529 2992 πατὴρ,
544 2916 648 2988 ἀδελφὸς
662 2934 714 2966 non
731 2931 767 2966 est
810 2922 895 2981 nobis,
910 2924 952 2972 sed
963 2924 1033 2972 Livio
1042 2922 1109 2969 litem
1120 2937 1218 2969 movere
1223 2923 1315 2982 jubebi-

260 3009 367 3073 spurius,
379 3006 421 3070 qui
431 3004 504 3052 hodie
514 3003 604 3070 vulgo,
616 3017 667 3049 non
680 3003 768 3047 Romu·
810 3018 874 3060 mus,
883 3003 937 3066 qul,
947 3001 1014 3066 qnod
1024 3000 1089 3048 hand
1100 2999 1174 3047 dubie
1185 3000 1215 3048 de
1225 3001 1314 3057 Attalo,

260 3091 310 3144 nis,
324 3085 443 3133 naturalis
457 3083 561 3138 dicitur,
573 3080 616 3128 sed
634 3079 767 3142 genuinus,
811 3082 882 3129 culce
900 3081 1008 3144 legitimo
1027 3080 1140 3128 Eumenis
1154 3077 1207 3127 lilio
1221 3094 1248 3126 ac
1265 3097 1315 3126 suc-

261 3181 386 3230 gennsnns
396 3165 422 3229 );
438 3177 516 3224 neque
527 3159 634 3207 nondum
647 3157 711 3205 enim
719 3173 767 3222 pro
810 3160 921 3218 cessere}
933 3160 996 3207 dixit
1005 3159 1134 3223 Polybius,
1145 3157 1171 3205 id
1182 3158 1212 3206 ad
1223 3159 1314 3205 Aristo·

258 3245 363 3311 genuino
386 3243 437 3308 ejus
453 3241 511 3308 filio
533 3240 671 3286 declaratus
698 3247 765 3292 erat,
810 3239 907 3298 uicum,
928 3255 959 3286 ex
981 3239 1068 3302 pellice
1084 3249 1166 3285 natum
1181 3238 1242 3302 (qui
1261 3249 1315 3301 post

261 3337 308 3373 etc.
318 3323 328 3385 (
336 3338 391 3369 nam
408 3323 526 3367 Eumenes
544 3317 650 3382 priunum
669 3315 767 3379 quidem
809 3329 912 3376 mortem
929 3318 1006 3365 Attali
1019 3320 1067 3373 111,
1080 3317 1125 3362 sub
1145 3333 1166 3364 a.
1186 3315 1245 3363 Urb.
1266 3317 1314 3362 620

262 3421 292 3451 ex
301 3402 387 3466 pellice
397 3398 575 3453 Aristonicum,
586 3395 627 3442 sed
642 3394 729 3442 deinde
738 3410 769 3440 ex
811 3411 909 3458 regnum
925 3395 1028 3453 invasit,
1045 3394 1089 3441 sed
1104 3410 1175 3457 quem
1194 3411 1314 3456 nunquam

260 3481 366 3545 legitima
375 3493 452 3526 uxore
461 3475 611 3532 Stratonice,
620 3473 768 3532 Ariarathis,
810 3489 856 3538 pro
866 3474 974 3537 legitimo
985 3474 1093 3538 cgnitum
1107 3474 1137 3520 ab
1148 3475 1255 3522 Eumene
1267 3491 1314 3521 esse

261 3557 434 3624 Cappadocum
455 3555 531 3617 tegle,
550 3551 615 3613 fllia,
634 3569 707 3616 quum
726 3551 769 3598 du·
811 3553 936 3616 probabile
947 3551 976 3602 fit
989 3570 1020 3600 ex
1034 3552 1125 3616 reliquo
1140 3553 1212 3613 huius
1222 3553 1314 3602 familite

122 3617 124 3624 Ι
191 3641 201 3653 “
263 3640 319 3686 dnm
341 3635 372 3682 cb
393 3650 422 3681 eo
443 3633 538 3679 ductam
566 3631 654 3686 inisse,
682 3629 768 3677 sniv.
810 3633 926 3695 regnique
945 3631 1082 3693 historic),
1102 3631 1253 3679 referendum
1275 3649 1314 3696 pu-

262 3715 415 3770 xxxvm,
425 3713 469 3774 39,
480 3722 504 3758 et
518 3711 600 3767 xm,
616 3712 646 3756 ιθ
661 3719 769 3766 constat,
811 3711 871 3758 tnvit
882 3733 902 3756 ω.

262 3795 367 3858 suscepit
379 3791 455 3838 lilium
464 3825 471 3847 ‚
481 3790 603 3848 juniorem
616 3789 684 3835 illum
697 3791 765 3834 Atta·
849 3805 887 3838 ιο,
899 3791 965 3853 Quid
974 3789 1100 3847 attineret,·
1111 3791 1168 3838 vide
1178 3791 1210 3838 cd
1221 3795 1256 3849 11,
1269 3801 1315 3852 41,

263 3877 313 3922 lum
330 3874 368 3918 ΙΙΙ
387 3869 561 3924 Philometore,
579 3867 622 3930 qui
642 3869 766 3914 Ronnnos
810 3885 834 3914 n.
847 3877 870 3924 t..
882 3869 992 3917 Attinere
1003 3871 1069 3932 c'onj.
1080 3873 1158 3919 Gron.
1169 3898 1203 3906 -
1213 3871 1257 3917 Ad
1264 3888 1314 3919 enm

260 3952 362 4001 heredes
372 3949 505 3997 instituisse
518 3947 623 4004 dicitur,
636 3946 706 4009 eique
714 3962 768 4010 por·
810 3947 959 4004 adventurm,
980 3947 1042 3996 forte
1058 3960 1181 4004 nentnroe,
1199 3951 1268 4013 qussi
1288 3951 1314 3998 de

261 4049 292 4078 vo
303 4029 433 4077 admodum
440 4026 545 4073 moriens
555 4037 660 4073 tutorem
669 4025 767 4087 reliquit
810 4025 950 4084 hereditate,
961 4045 1016 4091 quae
1028 4029 1123 4083 uenire,
1135 4043 1185 4074 non
1195 4028 1314 4084 adnnire,

263 4109 372 4159 Attalum
398 4107 508 4161 fratrem,
533 4105 587 4164 qui,
615 4104 688 4150 tutela
718 4119 766 4151 uns
812 4101 909 4150 dieitur.
930 4107 1020 4153 lustin.
1038 4107 1061 4164 Ῑ,
1080 4113 1110 4160 t,
1133 4105 1175 4152 nsi
1194 4105 1225 4152 ad
1245 4104 1313 4153 liliam
