2984 4706
272 395 341 493 276
691 404 730 469 r.
763 404 901 472 mvn
1177 385 1300 494 latit

270 521 491 590 currentium
505 519 549 590 ad
566 520 830 618 spectaculum⁵
847 548 923 592 uon
938 537 1093 619 poterat,
1110 524 1227 596 donec
1242 553 1326 598 con·

271 629 327 699 sul
349 629 491 700 lictores
508 631 680 719 misisset,
702 633 765 727 qui
783 631 1032 702 submovendo
1050 633 1116 702 iter
1135 633 1180 704 ad
1198 651 1326 732 praeto-

269 740 363 808 rium
381 737 548 810 facerent.
572 743 803 812 Consurrexit
825 743 970 829 consul,
995 757 1049 831 et,
1071 743 1176 838 jussis
1199 746 1325 817 sedere

270 846 365 934 aliis,
383 871 662 945 progressusque
678 851 843 947 paulum,
862 853 1061 938 introeunti
1074 854 1148 950 regi
1162 854 1323 926 dextram

269 959 446 1054 porrexit3
469 955 812 1056 submittentemque
833 985 871 1030 se
892 959 937 1030 ad
954 961 1062 1058 pedes
1080 963 1237 1051 sustulit,
1256 990 1324 1036 nec

269 1070 441 1165 attingere
456 1091 571 1164 genua
585 1092 725 1165 passus,
739 1068 984 1140 introductum
999 1071 1037 1140 in
1051 1069 1328 1152 tabernaculum,

270 1179 438 1250 adversus
456 1178 646 1250 advocatos
664 1180 701 1247 iu
718 1180 907 1250 consilium
923 1182 1108 1253 considere
1124 1183 1239 1277 jussit.

316 1291 411 1356 VIII.
434 1289 549 1356 Prima
564 1290 787 1384 percontatio
801 1287 868 1358 fuit
881 1301 905 1375 ¹,
922 1315 996 1387 qua
1010 1291 1178 1362 subactus
1192 1296 1323 1388 injuria

269 1413 395 1468 contro·
405 1395 584 1493 populum
599 1421 790 1467 romonum
809 1397 942 1470 bellum
960 1416 1033 1469 tom
1055 1403 1181 1492 infesto
1200 1409 1321 1474 animo
1396 1483 1404 1497 ι

268 1512 493 1603 suscepisset,
516 1531 589 1602 quo
606 1531 644 1576 se
661 1529 877 1603 regnumque
888 1532 994 1578 suum
1007 1509 1060 1579 od
1076 1509 1239 1580 ultimum
1255 1513 1322 1581 dis-

267 1622 400 1686 crimen
415 1615 635 1700 udduceret?
653 1619 792 1705 Quum,
806 1609 1018 1713 responsum
1025 1618 1321 1716 exspectantibus

268 1729 425 1814 cunctis,
452 1739 583 1796 terram
610 1728 773 1814 intuens,
798 1726 859 1796 diu
883 1729 1012 1798 tacitus
1035 1727 1155 1815 fleret,
1178 1755 1320 1800 rursum

267 1836 393 1907 consul
412 1863 420 1905 ε
442 1867 458 1900 «
472 1837 508 1906 Si
523 1835 666 1929 juvenis
682 1859 833 1933 reguum
852 1838 1065 1933 accepisses,
1084 1839 1320 1934 minus'equi·

267 1946 380 2018 «dem
396 1947 558 2034 mirarer,
573 1946 751 2044 ignorasse
765 1961 818 2030 te,
837 1970 946 2041 quam
964 1947 1078 2042 gravis
1091 1961 1152 2018 aut
1168 1949 1319 2036 amicus,

267 2156 308 2204 hic
330 2167 424 2204 tautum
450 2166 486 2202 est
506 2170 601 2214 comes,
620 2171 665 2202 nec
686 2155 774 2218 reliqui
817 2155 882 2220 apud
890 2156 996 2205 Goeller.
1006 2171 1062 2220 pag.
1074 2155 1132 2216 387,
1142 2157 1242 2218 conjicit
1252 2159 1319 2206 Pullo

268 2237 339 2284 etiam
348 2236 419 2283 liberi
427 2236 532 2283 Octavio
546 2234 648 2282 traditi?
660 2233 734 2298 (vide
742 2233 774 2280 ad
817 2235 919 2282 amiotus
932 2235 1039 2292 cucullo,
1054 2235 1121 2298 quod
1133 2237 1268 2285 vestimenti
1281 2254 1320 2301 ge·

268 2331 322 2378 cap.
342 2317 357 2361 6
375 2313 420 2360 suh
433 2312 494 2377 fin.)
509 2323 533 2360 et
551 2328 594 2359 cur
614 2311 686 2372 hujus
707 2313 773 2360 uuila
816 2328 862 2359 nus
874 2314 973 2360 minime
983 2314 1084 2376 regium.
1098 2313 1215 2362 Paeuulati
1223 2317 1287 2362 enim
1296 2328 1319 2364 et

269 2393 460 2440 deindemeutio
475 2391 515 2450 lit,
531 2407 610 2454 neque
627 2390 693 2454 apud
710 2391 773 2438 Plut.
817 2392 932 2440 cucullati
944 2392 1089 2440 incedebant
1100 2393 1241 2456 plerumque
1258 2396 1319 2442 servi

269 2473 349 2521 AEmil.
362 2487 419 2536 pag.
439 2472 504 2532 269,
519 2471 562 2533 qui
580 2471 663 2534 potius
681 2480 773 2534 patrem
817 2471 984 2518 stultimiloci
992 2469 1164 2530 homiues3alii
1173 2482 1235 2530 tum,
1246 2489 1319 2535 quum
1389 2526 1393 2536 Ι

268 2554 360 2609 solum,
377 2565 455 2613 eoque
467 2550 563 2597 demum
577 2559 673 2607 amoto,
693 2545 773 2606 filios,
817 2548 890 2596 latere
898 2549 996 2598 vellent.
1006 2549 1160 2596 Obscurioris
1169 2550 1256 2598 coloris
1266 2552 1320 2598 iuis·

269 2646 369 2696 generos
381 2641 406 2678 et
418 2628 537 2692 primores
549 2627 666 2675 adductos
679 2626 773 2674 tradit?
785 2669 786 2674 ,
817 2641 842 2673 se
854 2624 976 2675 cucullum
987 2628 1044 2676 satis
1053 2637 1155 2676 constat.
1167 2629 1238 2676 Conf.
1246 2631 1318 2679 Mart.

269 2714 314 2758 Hae
325 2722 349 2759 et
359 2710 411 2757 aliae
421 2706 576 2755 difficultates
584 2717 740 2765 evanescent,
751 2707 773 2754 si
815 2707 852 2763 X,
867 2706 943 2770 epigr.
961 2705 1005 2766 76,
1020 2723 1044 2753 v.
1061 2709 1088 2765 83
1106 2708 1195 2755 Juven.
1206 2709 1256 2756 Sat.
1268 2711 1320 2767 111,

268 2805 363 2838 mecum
375 2788 474 2850 legeris:
488 2786 558 2834 Pullo
571 2783 661 2832 amictu
671 2785 710 2832 vel
716 2787 772 2833 Pul·
816 2800 838 2831 v.
860 2799 922 2846 170,
934 2785 984 2843 VI,
1000 2801 1024 2832 v.
1044 2786 1193 2844 118‚V111,
1209 2803 1232 2834 r.
1256 2788 1318 2845 1453

270 2870 294 2917 lo
312 2866 413 2915 amiotus
432 2863 507 2930 (vide
525 2864 556 2911 ad
578 2867 617 2922 11,
633 2865 677 2922 54,
692 2879 716 2910 u.
735 2863 772 2928 5)
815 2866 906 2910 Ferrar.
920 2863 950 2911 de
969 2865 1081 2911 ReVest.
1098 2874 1161 2926 port.
1175 2866 1213 2924 ΙΙ,
1235 2865 1278 2914 lib.
1294 2867 1318 2924 I,

269 2947 310 2994 ille
318 2949 415 2992 Perseus
427 2943 544 3008 (magnus
556 2941 597 2990 ille
608 2958 653 2990 rex
665 2952 689 2989 et
701 2951 774 3004 caput
817 2959 870 3006 cup.
881 2957 922 3000 oo,
935 2957 991 3006 pag.
1004 2951 1034 2998 tr
1047 2957 1114 3006 seqq.
1124 2943 1172 2991 En.

269 3024 340 3083 belli,
349 3039 402 3071 uon
418 3023 471 3082 ejus
488 3021 606 3080 accessio,
620 3032 648 3069 ut
659 3018 774 3084 Syphax)
852 3022 877 3068 5.
887 3021 930 3068 Ad
940 3021 1116 3084 spectaculum,
1125 3031 1152 3069 ut
1165 3033 1319 3085 spectaretur.

268 3103 387 3167 ingressus
408 3112 444 3148 est
466 3111 566 3156 castro,
588 3099 655 3146 nullo
676 3113 773 3146 suorum
817 3099 1048 3162 Contadxxxv,
1062 3101 1319 3158 51‚n.c.--Doose

271 3178 525 3246 (liberorum)aliooe
534 3176 620 3224 comite
626 3177 690 3240 ‚qui
696 3176 774 3224 socius
817 3179 902 3226 consul
924 3177 1018 3225 lictores
1042 3177 1154 3234 misisset,
1174 3179 1221 3242 leg.
1238 3179 1318 3237 misit,-

270 3257 418 3307 colomitotr's
433 3255 628 3303 miserabiliorem
643 3270 696 3301 eum
702 3253 775 3319 sace-
817 3258 896 3304 Gron.
909 3267 950 3304 aut
961 3255 1079 3313 mittem,·
1090 3257 1174 3304 Bauer.
1183 3283 1217 3292 -
1227 3257 1318 3304 Adm.

271 3350 320 3394 ret,
331 3348 358 3385 ut
368 3335 502 3399 Syphacem
515 3334 574 3382 olim
586 3349 645 3396 grex
654 3332 774 3380 nobilium
816 3351 856 3382 sus
869 3334 1000 3383 advocatos
1017 3333 1041 3380 irs
1058 3333 1182 3381 consilium
1196 3335 1319 3382 considere

270 3405 443 3471 Numidarum,
452 3413 506 3476 qui,
516 3427 591 3476 quum
601 3413 628 3458 iu
638 3423 713 3459 castre
725 3411 774 3458 Sci·
812 3411 900 3476 jussit,
911 3412 980 3459 lateri
993 3427 1038 3460 suo
1050 3411 1188 3475 proximum
1199 3413 1264 3477 apud
1274 3415 1319 3460 Vs·

270 3495 351 3558 pionis
368 3491 553 3557 perduceretur,
566 3505 620 3538 eum
635 3489 773 3553 praeceden·
816 3489 861 3537 ler.
879 3491 946 3538 Max.
956 3491 989 3548 V,
1008 3506 1030 3548 1,
1049 3489 1064 3554 S
1082 3491 1109 3548 8,
1124 3501 1149 3538 et
1162 3491 1231 3550 juxta
1249 3507 1275 3538 se
1292 3493 1319 3538 iu

270 3583 320 3621 tem
336 3570 493 3634 sequebatur3
509 3561 559 3617 vid.
576 3570 667 3627 XXX,
684 3569 714 3615 13
734 3584 772 3632 pr.
816 3568 872 3616 sella
883 3568 1060 3632 apudEutrop.
1071 3570 1116 3626 IV,
1129 3585 1152 3628 7.

269 3655 307 3701 Ita
324 3649 377 3698 haec
394 3648 486 3712 optime
501 3646 621 3694 cohaerent
637 3661 692 3693 cum
711 3661 772 3710 prse-
835 3647 912 3695 .Csr.
932 3648 1003 3695 VIII.
1026 3663 1048 3694 1.
1069 3645 1150 3694 Prisca
1165 3649 1318 3711 percontatio

269 3730 354 3789 cedd„
363 3727 451 3792 quibus
462 3726 609 3789 comparatio
620 3723 737 3788 Syphacis
748 3736 772 3773 et
807 3725 874 3789 ficit,
893 3736 940 3775 etc.
959 3728 1023 3774 conf.
1033 3727 1115 3774 Valet.
1129 3728 1198 3775 Max.
1221 3726 1238 3775 l.
1259 3727 1277 3775 l.
1294 3739 1319 3776 et

269 3810 349 3860 Persei
362 3807 512 3864 continetur;
521 3815 545 3852 et
556 3804 710 3867 Intelligitor‚
722 3818 771 3866 quo
814 3804 877 3851 Plut.
887 3805 967 3853 AEmil.
975 3822 1001 3868 p.
1014 3805 1073 3866 269,
1083 3806 1125 3853 uhi
1135 3806 1180 3852 alia
1190 3817 1214 3852 et
1220 3823 1319 3869 prorsus

270 3890 352 3937 ultima
364 3873 473 3951 spectent
485 3883 557 3932 verba
567 3897 573 3932 τ
584 3884 663 3930 leuior
674 3898 771 3946 quoque
813 3871 896 3930 acerlia
910 3884 1016 3932 consulis
1029 3885 1107 3932 oratio
1121 3895 1164 3931 est.
1178 3885 1319 3940 Dissensum

270 3978 306 4014 est
325 3965 442 4014 medicina
459 3974 553 4020 nostra,
570 3978 641 4026 quam
660 3963 769 4008 aliorum.
814 3963 957 4026 scriptorum
970 3964 1019 4024 jam
1039 3963 1133 4012 notavit
1151 3966 1238 4011 Zonar.
1251 3967 1318 4012 Anu.

267 4049 351 4106 Itaque
361 4059 410 4091 nou
424 4041 533 4089 dubitavi
543 4057 594 4087 eam
605 4039 725 4088 sdhsstsre.
735 4067 769 4076 -
813 4042 862 4100 IX,
875 4042 916 4088 23.
930 4069 965 4078 -
982 4042 1061 4104 Qrtam
1067 4040 1147 4106 patri
1156 4052 1202 4089 our
1210 4057 1260 4089 arn.
1274 4054 1319 4088 aut

268 4125 316 4172 Pro
326 4122 392 4170 Pullo
406 4119 508 4167 amictus
523 4119 577 4174 illo,
592 4119 656 4166 Frid.
671 4118 767 4166 Jacobs.
811 4118 878 4166 inim.
892 4135 935 4166 ess.
944 4136 972 4182 p.
983 4136 1003 4166 r.
1011 4139 1021 4176 ;
1030 4120 1114 4182 quanti
1128 4120 1245 4168 momenti
1257 4130 1318 4167 esset
