2982 4702
219 321 344 424 titt:
424 337 575 406 arnna
605 337 723 404 xnri.
751 337 857 404 cur.
883 337 1065 406 exvu..
1188 361 1254 433 ηρ

193 487 253 534 sea
269 461 420 545 audivit,
435 441 493 528 'ad
510 463 682 529 Gonnum
703 471 816 527 castra
839 471 981 542 movet,
1010 457 1039 526 si
1057 458 1166 552 potiri
1184 481 1253 556 op·
1326 505 1332 514 -

193 571 279 669 pido
295 582 426 668 posset.
451 571 544 638 Ante
563 569 641 664 ipsa
663 571 796 663 Tempe
812 567 851 635 in
869 564 1031 637 faucibus
1048 567 1157 636 situm
1175 573 1253 640 Ma-

194 680 351 752 cedoniae
378 677 530 749 claustra
556 677 731 748 tutissima
754 675 890 773 prabet
917 692 953 748 et
977 678 1014 746 in
1036 677 1255 748 Thessaliam

193 804 441 888 opportunum
465 786 724 858 Macedonibus
744 785 946 857 decursum.
971 790 1092 878 Quum
1117 803 1153 859 et
1173 787 1255 860 loco

194 914 230 969 et
245 898 411 996 praesidio
428 896 546 968 valido
559 894 846 994 inexpugnabilis
859 919 916 967 res
930 912 1037 984 esset,
1057 897 1192 971 abstitit
1204 901 1255 971 in·

134 1089 137 1100 ¹
194 1024 310 1107 cepto
328 1015 371 1080 Iu
386 1007 626 1079 Perrhaebiam
641 1005 742 1078 flexis
758 1006 963 1094 itineribus,
981 1009 1123 1080 Malloea
1136 1011 1256 1107 primo

193 1121 331 1216 impetu
353 1133 456 1215 capta
481 1141 522 1188 ac
546 1117 709 1214 direpta,
734 1116 868 1213 Tripoli
894 1117 1033 1214 aliaque
1055 1119 1255 1190 Perrhaebia

142 1232 148 1241 ’
194 1243 361 1326 recepta,
379 1230 554 1298 Larissam
580 1227 694 1296 rediit.
721 1225 809 1298 Inde
834 1229 993 1297 Eumene
1015 1243 1123 1323 atque
1137 1230 1256 1299 Attalo

116 1391 120 1394 -
195 1337 342 1409 domum
361 1337 536 1423 remissis,
557 1338 774 1434 Misagenem
790 1334 1036 1431 Numidasque
1052 1337 1091 1406 in
1105 1334 1257 1413 hiberna

195 1448 233 1516 in
259 1447 429 1544 proximis
455 1445 630 1518 Thessalis
655 1444 806 1516 urbibus
830 1444 1032 1530 distribuit,
1058 1461 1094 1516 et
1116 1463 1257 1543 partem

196 1559 371 1628 exercitus
396 1559 444 1628 ita
462 1581 528 1654 per
549 1571 660 1626 totam
681 1555 897 1626 Thessaliam
922 1554 1062 1642 diuisit,
1086 1570 1128 1626 ut
1148 1571 1183 1628 et
1203 1556 1256 1626 bi-

195 1665 308 1738 berna
334 1666 523 1738 commoda
550 1689 676 1736 omnes
700 1662 895 1752 haberent,
918 1680 954 1736 et
975 1664 1137 1762 praesidio
1157 1663 1258 1736 urbi-

195 1775 264 1847 bus
285 1791 413 1848 essent.
437 1779 481 1866 Q.
503 1777 663 1846 Mucium
685 1775 867 1871 tegatum‘»
890 1761 972 1846 cum
993 1773 1140 1846 duobus
1153 1775 1257 1846 milli-

195 1885 264 1957 bus
278 1885 322 1957 ad
338 1885 571 1956 obtinendam
587 1884 813 1954 Ambraciam
831 1885 936 1954 misit.
954 1887 1158 1954 Graecarum
1173 1887 1257 1955 civi-

197 1999 322 2067 tatium
354 1997 469 2066 socios
497 2019 623 2065 ornnes
656 2008 785 2091 praeter
810 1993 959 2064 Achaeos
990 1992 1133 2064 dimisit.
1164 1999 1256 2064 Cum

197 2108 373 2178 exercitus
390 2119 491 2203 parte
509 2104 693 2203 profectus
707 2105 744 2174 in
761 2103 930 2174 ‚Achaiam
944 2102 1162 2190 Phthiotim,
1177 2109 1259 2175 Pte-

197 2212 311 2288 leum5
322 2214 503 2286 desertum
516 2213 600 2312 luga
614 2214 880 2312 oppidanorum
894 2213 1004 2284 diruit
1018 2239 1038 2284 a
1050 2212 1259 2287 fundamen-

201 2328 262 2411 tis,
277 2332 439 2397 Antrona
450 2325 636 2395 voluntate
649 2323 846 2395 colentium
857 2324 1002 2420 recepit.
1017 2321 1072 2393 Ad
1085 2327 1258 2394 Larissam

198 2435 328 2506 deinde
343 2437 537 2506 exercitum
560 2435 729 2504 admovit.
754 2431 850 2504 Urbs
872 2431 1012 2503 deserta
1033 2447 1123 2518 erat3
1143 2434 1179 2501 in
1203 2459 1259 2503 ar-

198 2568 276 2614 cem
304 2547 420 2616 omnis
445 2545 641 2615 multitudo
669 2557 921 2614 concesserat:
946 2565 1023 2612 eam
1050 2566 1260 2639 oppugnare

198 2738 280 2787 turus,
295 2740 452 2793 experturus,
471 2729 504 2786 si,
522 2745 569 2785 au,
583 2739 629 2776 etc.
648 2728 704 2774 vide
747 2726 779 2772 ito
790 2723 898 2772 Thessali
910 2724 1018 2788 equites;
1032 2727 1084 2785 tx,
1101 2738 1259 2788 19,quetuor

198 2806 267 2865 adl,
281 2809 359 2867 57,n.
375 2807 635 2872 1.-1nexpugrtabilis
650 2823 702 2861 res,
748 2804 851 2852 millibus
873 2803 980 2866 equitum
1007 2803 1114 2850 maxime
1133 2804 1257 2853 Thessalo·

199 2885 261 2932 forte
275 2884 290 2933 i.
303 2885 358 2932 urbs
365 2903 376 2942 ,·
397 2887 473 2933 Gron.
483 2889 576 2933 -Pro
590 2901 627 2932 res
645 2895 706 2932 esset
748 2896 801 2930 rum
808 2899 817 2938 ,·
831 2883 879 2930 hoc
888 2883 943 2945 ipso
953 2881 1017 2928 libro
1026 2883 1111 2940 XLII,
1124 2882 1171 2940 58,
1187 2883 1258 2930 Thes-

199 2965 263 3023 conj.
277 2965 418 3029 Kreyssigh.
427 2964 492 3028 apud
503 2964 583 3013 Goell.
597 2981 622 3027 p.
639 2966 703 3024 478,
747 2962 796 3008 sali
805 2959 978 3024 quadringenti
992 2959 1083 3023 equites
1091 2976 1170 3023 parvo
1186 2960 1258 3007 inter-

134 3089 137 3096 ,
198 3042 327 3091 restitisset.
345 3045 418 3095 Error
437 3059 472 3090 sc.
489 3043 520 3090 ab
537 3058 618 3090 errore
639 3043 705 3090 nasci
750 3041 813 3088 vallo
821 3040 984 3104 superloerum
994 3054 1070 3084 cornu
1080 3038 1161 3086 locati.
1169 3040 1258 3089 sustin.

197 3121 292 3182 potuit,
310 3131 382 3184 atque
408 3120 533 3170 restitisset
550 3121 654 3184 primum
679 3123 705 3167 in
749 3119 921 3181 quoqueVII,
944 3119 975 3176 6,
996 3116 1116 3163 exercitui
1127 3134 1170 3163 suo
1183 3119 1258 3165 robur

199 3197 316 3257 rescisset,
327 3199 413 3248 deinde
422 3202 449 3247 in
460 3216 497 3246 res
507 3212 568 3248 esset
579 3200 654 3247 abire.
667 3202 704 3247 De
752 3195 918 3244 Thessalorum
927 3196 1034 3260 equitum
1041 3196 1259 3261 atlJ'urrgeregestie-

199 3275 345 3338 syllabarum
353 3277 514 3341 geminatione
523 3296 536 3327 a
546 3279 652 3326 librariis
661 3295 703 3327 ne·
749 3277 798 3324 bat.
812 3277 858 3324 En.

199 3353 275 3416 glecta
289 3357 337 3403 vid.
353 3356 475 3406 Drakenb.
495 3359 526 3406 ad
538 3358 582 3407 lib.
599 3361 639 3420 II,
657 3367 703 3415 24,
785 3363 809 3411 4.
818 3357 848 3418 Q.
859 3353 968 3402 Mucium
978 3351 1167 3419 legetummunc
1177 3356 1258 3402 forsan

195 3431 213 3494 §
225 3433 256 3489 6,
269 3446 293 3481 et
302 3436 438 3504 Heinriebii
453 3437 508 3486 Ind.
522 3437 554 3485 ad
565 3437 615 3487 Cic.
626 3438 705 3486 Oratt.
750 3435 841 3483 laetum
856 3451 887 3482 ex
900 3432 1000 3480 tribuno
1015 3432 1128 3480 militum.
1143 3435 1215 3482 conf.
1227 3435 1257 3482 ad

197 3513 315 3574 Fragmm.
325 3514 371 3561 sub
379 3515 525 3574 Geminam,
533 3516 625 3582 insigne
631 3533 706 3565 emen-
750 3529 803 3577 cap.
816 3523 856 3576 49.
864 3512 932 3561 Idem
941 3513 1002 3560 sorte
1011 3511 1087 3560 intell.
1096 3515 1188 3572 XLIII,
1199 3529 1209 3558 1
1219 3530 1258 3577 pr.

197 3587 303 3638 dationis
316 3592 452 3642 subsidium.
467 3596 513 3643 En.
529 3623 564 3632 -
581 3599 611 3642 Irt
619 3597 706 3660 proxi·
749 3592 797 3639 nisi
807 3591 873 3638 aliud
886 3590 979 3640 excidit
987 3607 1085 3638 nomeu.
1093 3619 1128 3626 -
1137 3590 1258 3638 Achaiam

197 3668 241 3715 mis
255 3669 371 3718 Thessalis
387 3672 500 3730 urbibus,·
516 3673 576 3722 olim
588 3673 705 3723 edebatur
749 3669 900 3728 Phthiotim,·
922 3670 979 3718 vide
1005 3686 1079 3734 supra
1111 3668 1142 3716 ad
1168 3670 1257 3717 librum

200 3745 329 3795 Thessaliae
356 3749 471 3806 urbibus;
496 3767 550 3814 quae
573 3753 649 3802 lectio
674 3771 705 3804 ex
748 3749 1008 3813 XXXI11‚0³P·322
1024 3765 1049 3796 ¹1·
1065 3750 1089 3797 6·

197 3825 280 3873 ultima
294 3829 392 3876 Gruteri
405 3829 513 3876 editione
530 3847 576 3893 per
588 3834 705 3895 posterio-
786 3829 808 3875 5.
824 3829 971 3875 Pteleum...
999 3829 1151 3873 Ammona...
1176 3826 1257 3872 Laris-

197 3921 235 3952 res
248 3920 332 3953 omnes
345 3919 477 3971 propagata
487 3918 531 3955 est.
540 3909 604 3956 Ante
617 3913 704 3968 Grute-¹
748 3923 802 3954 sam
811 3925 821 3964 ;
831 3907 886 3954 vide
899 3905 932 3952 ad
941 3920 996 3969 cap.
1008 3913 1038 3960 ha
1047 3941 1056 3966 ,
1065 3922 1091 3952 n.
1104 3905 1258 3952 r.-Volurt-

196 3991 251 4020 rum
263 3975 380 4024 Thessalis
390 3978 500 4034 urbibus,
510 3979 577 4041 quod
589 3981 640 4028 sine
649 3998 705 4030 cau·
750 3996 800 4032 tete
813 3983 961 4039 colentium
974 3983 1031 4030 vide
1042 3983 1072 4030 ad
1085 3985 1110 4044 1,
1127 3999 1147 4038 1,
1158 3999 1182 4029 n.
1194 3984 1222 4042 3,
1235 3993 1259 4028 et

197 4069 221 4098 sa
242 4063 359 4101 mutatum
373 4068 416 4104 est.
434 4057 468 4103 Ut
487 4056 606 4104 Thessalae
624 4061 704 4116 urbes,
750 4066 802 4123 111,
814 4067 896 4126 69‚n.
909 4064 932 4110 8.
