2970 4712
203 363 325 464 lilttltl
421 385 573 452 Lissa
603 385 714 452 xcv.
742 379 845 452 aar.
871 384 1007 450 xxxs
1163 383 1226 452 331

178 526 270 598 quos
291 501 409 598 aliqua
430 514 530 596 parte
550 503 704 598 suspicio
725 498 856 571 favoris
877 503 914 571 in
936 527 1057 597 regem
1078 505 1233 600 contige

177 624 242 680 rat.
265 611 346 680 Tria
367 634 498 707 genera
516 611 719 708 principum
737 611 774 680 in
791 609 991 681 civitatibus
1006 627 1107 682 erant
1121 640 1128 682 :
1144 612 1234 699 duo,

180 745 260 817 quae
273 719 453 791 adulando
469 735 531 790 aut
547 724 792 792 Romanorum
806 722 1019 818 imperium,
1038 737 1099 791 aut
1117 723 1233 792 amici-

180 831 265 899 tiam
281 816 420 925 regum,
440 828 507 899 sibi
522 831 687 926 privatim
702 854 789 927 opes
804 832 984 927 oppressis
1001 829 1178 902 faciebant
1191 833 1236 902 ci·

179 937 372 1008 vitatibus:
393 938 550 1009 medium
567 963 700 1025 unum,
718 941 864 1036 utrique
884 942 1006 1036 generi
1026 939 1235 1024 adversum,
1285 987 1294 1008 .

181 1047 380 1118 libertatem
400 1063 435 1119 et
451 1048 547 1145 leges
565 1049 742 1121 tuebatur.
762 1049 824 1120 His
843 1064 884 1119 ut
905 1047 1019 1144 major
1036 1049 1132 1146 apud
1152 1075 1236 1121 suos

181 1161 324 1244 caritas,
342 1160 390 1227 ita
408 1159 526 1229 minor
540 1158 635 1256 apud
654 1173 822 1230 externos
837 1160 948 1255 gratia
962 1173 1046 1229 erat.
1066 1157 1238 1230 Secundis

183 1267 291 1340 rebus
309 1269 389 1339 elati
407 1273 650 1340 Romanorum
666 1271 775 1367 partis
791 1269 868 1362 ejus
884 1266 1060 1356 fautores,
1080 1269 1238 1339 solitum

184 1380 221 1448 in
238 1376 538 1474 magistratibus²,
552 1379 618 1448 soli
634 1381 672 1448 in
689 1377 928 1474 legationibus
943 1392 1054 1449 erant.
1065 1381 1109 1449 Hi
1125 1404 1239 1476 quum

185 1486 390 1583 frequentes
412 1503 448 1558 et
474 1513 518 1558 ex
542 1488 812 1586 Peloponneso,
836 1503 937 1586 etex
962 1490 1114 1574 Boeotia,
1140 1503 1175 1558 et
1196 1514 1240 1560 ex

185 1599 261 1668 aliis
275 1599 418 1669 Graecias
431 1598 587 1668 conciliis
601 1597 780 1684 adessent,
795 1597 987 1695 implevere
1000 1622 1103 1669 aures
1115 1597 1239 1668 decens

186 1709 403 1804 legatorum:
422 1714 507 1780 Non
523 1734 583 1778 eos
598 1724 755 1792 tantum,
771 1716 837 1806 qui
848 1734 886 1779 se
896 1707 1091 1806 propalam
1097 1733 1170 1805 per
1179 1733 1242 1778 va·

185 1825 329 1888 nitatem
333 1821 544 1912 jactassent,
558 1835 734 1915 tauquam
746 1819 899 1916 hospites
911 1835 948 1887 et
960 1824 1095 1888 arnicas
1107 1823 1239 1902 Persei,

184 1929 251 1998 'sed
261 1927 505 2024 multoplures
519 1927 613 1999 alios
627 1953 675 1998 ex
688 1928 828 1999 occulto
835 1930 975 2018 furasse
989 1956 998 1997 :
1018 1929 1169 2022 reliquos
1175 1951 1244 2026 per

186 2045 336 2135 speciem
354 2038 498 2108 tuendae
518 2037 688 2110 libertatis
706 2046 743 2108 in
761 2037 916 2109 conciliis
931 2037 1099 2112 adversus
1116 2043 1242 2110 Rorna-

188 2172 252 2218 uos
268 2155 388 2218 omnia
404 2154 634 2218 instruxisse:
653 2174 718 2219 nee
731 2151 833 2218 aliter
844 2175 904 2218 eus
920 2173 1109 2219 mansuras
1123 2153 1158 2216 iu
1159 2149 1244 2243 fide

184 2269 325 2350 gentes,
345 2262 429 2343 nisi,
442 2260 574 2346 fractis
596 2265 726 2328 animis
742 2263 925 2362 partium,
946 2258 1101 2329 aleretur
1116 2260 1242 2355 coufir-

189 2381 411 2462 utereturque
441 2371 637 2437 uuctoritus
662 2394 799 2452 eorum,
824 2373 891 2466 qui
914 2369 1008 2438 nihil
1024 2385 1158 2466 praeter
1177 2375 1243 2438 im-

178 2481 323 2574 perium
344 2480 590 2573 Romanorum
605 2475 838 2574 spectarent&
859 2478 914 2548 Ab
931 2479 986 2549 his
1009 2479 1112 2551 editis
1130 2480 1245 2550 norni-

190 2581 318 2672 nibus,
343 2588 477 2656 evocati
496 2587 605 2658 literis
625 2590 847 2686 imperatoris
870 2614 913 2659 ex
932 2589 1075 2673 AEtolia,
1091 2596 1243 2660 Acarna·

190 2692 338 2788 niaque,
364 2708 399 2764 et
417 2697 545 2792 Epiro,
564 2713 599 2767 et
615 2701 770 2784 Boeotia,
789 2700 852 2794 qui
869 2703 1020 2769 Romam
1041 2699 1084 2770 ad
1105 2723 1245 2770 causam

191 2799 377 2870 dicendam
394 2819 652 2898 sequerentur:
672 2808 710 2876 in
728 2807 896 2876 Achaiam
915 2832 959 2877 ex
975 2808 1100 2878 decem
1117 2809 1247 2904 legato

191 2932 270 2978 rum
291 2913 442 2981 nume'ro
458 2912 608 3008 profecti
627 2916 721 3001 du0‚
740 2921 778 2985 C.
799 2916 967 2987 Claudius
986 2931 1022 2986 et
1040 2923 1104 2988 Cn.
1122 2918 1246 2987 Domi·

192 3019 282 3106 tius,
312 3034 354 3089 ut
378 3021 445 3116 ipsi
471 3021 587 3092 edicto
613 3040 812 3095 evocarent.
839 3025 877 3094 Id
902 3023 1042 3100 ‹hiabus
1067 3025 1248 3096 decausis

191 3125 325 3198 lactum
343 3155 350 3196 :
371 3155 462 3218 una,
486 3132 585 3228 quod
609 3130 746 3204 fiduciae
772 3135 854 3231 plus
876 3137 1152 3232 animorumque
1171 3160 1247 3206 esse

193 3237 326 3309 Achaeis
339 3239 384 3310 ad
400 3265 473 3310 non
486 3243 685 3339 parendum
701 3243 912 3330 credebant,
929 3260 964 3314 et
978 3242 1125 3315 forsitan
1142 3246 1248 3314 etiam

194 3347 230 3416 in
248 3349 408 3444 periculo
421 3347 498 3422 fore
513 3352 757 3424 Callicrateml
774 3369 810 3423 et
825 3368 970 3426 caeteros
985 3356 1173 3425 criminum
1189 3381 1247 3426 au·

198 3567 205 3586 ‹
229 3553 377 3600 n.Sacrmdis
386 3555 454 3602 rebus
465 3556 524 3604 alati
532 3558 696 3604 Rornanorum
742 3557 830 3604 seimus
857 3575 887 3606 ex
910 3559 1012 3623 Psya,
1031 3561 1114 3622 Legat·
1136 3567 1184 3621 942
1205 3560 1248 3621 (1¹¹5

191 3629 270 3690 partis
281 3631 331 3693 ejus
331 3630 454 3695 scrutares,
465 3635 512 3682 soli
528 3637 613 3683 tamin
622 3635 699 3700 magi·
743 3647 844 3684 testatur
856 3637 879 3683 ei
896 3637 964 3685 nullo
982 3637 1055 3686 modo
1074 3638 1191 3702 placuisse
1209 3653 1248 3686 ea·

194 3708 319 3765 stratibus,
336 3719 383 3758 etc.
403 3711 434 3759 cl.
451 3712 538 3776 Polyb.
556 3715 640 3771 XXX,
659 3730 697 3764 10.
741 3716 844 3762 lumnias
866 3715 918 3764 illas
946 3729 1119 3765 assentatorum
1143 3733 1247 3764 romanas

231 3785 253 3831 3.
265 3786 313 3846 Qui
325 3787 480 3850 ns'lsilprcetsr
493 3790 617 3852 imperium
630 3794 699 3844 Boin.
743 3795 872 3857 potentia,
885 3796 959 3859 idque
971 3813 1027 3844 eum
1038 3796 1110 3842 rebus
1120 3799 1177 3861 ipsis
1191 3795 1247 3843 satis

194 3875 330 3926 spectarent
343 3882 373 3913 ex
392 3867 486 3914 emend.
503 3870 580 3917 Grou.
597 3886 643 3934 pro
656 3887 698 3918 ea·-
743 3872 888 3936 significasse
902 3874 1013 3923 affirmat.
1024 3875 1087 3923 Vide
1095 3886 1120 3923 et
1129 3878 1247 3924 Nostrum

194 3953 345 4004 spectarent,·
359 3945 414 3992 vida
427 3945 457 3992 ad
471 3949 495 4006 t,
511 3963 539 4008 9,
549 3964 575 3996 n.
590 3951 618 4004 3,
634 3953 698 4005 etl,
743 3968 827 4017 supra,
838 3969 891 4016 cap.
906 3958 948 4003 28.
958 3955 1006 4001 En.

197 4021 244 4077 34,
259 4035 283 4068 u.
299 4021 643 4088 5.—Literisimperatoris;
656 4027 710 4075 has·
778 4037 802 4085 a.
820 4033 850 4077 In
868 4033 976 4095 periculo
987 4031 1050 4096 flare
1076 4033 1244 4088 Callicratem

195 4098 276 4146 literas
294 4100 384 4150 invitus
406 4101 472 4150 dedit
484 4104 592 4160 AEurilius
599 4143 606 4168 ,
620 4117 646 4154 ut
662 4107 699 4154 di·
744 4108 977 4176 videadXL1223‚
990 4128 1016 4158 n.
1029 4127 1053 4159 a.
