2966 4708
228 322 296 398 568
346 325 581 396 EXCURSUS
606 327 668 392 DE
692 325 915 396 TRANSITU
940 325 1167 428 APLNNINI.

225 448 315 511 natui
338 443 540 536 Carthaginis
567 460 601 508 et
621 436 744 509 civibus
764 445 1015 529 renuntiaretur,
1034 449 1118 512 viam
1140 451 1285 518 celeriter
1347 451 1351 458 ’

224 543 406 634 emensus,'
419 570 486 611 non
509 545 685 630 curavisse,
707 563 746 610 ut
760 562 893 636 portum
910 547 1060 632 haberet,
1086 551 1119 614 in
1144 575 1210 640 quo
1227 577 1284 619 na.

224 673 297 718 vem
319 663 429 737 posset
445 666 570 712 ornare.
587 646 646 710 Via
668 669 740 736 quae
765 671 854 713 nunc
877 671 896 712 a
921 649 1029 714 Maera
1054 650 1144 716 ducit
1162 653 1204 718 ad
1223 657 1285 720 Ar·

224 773 306 815 num
326 749 461 838 paulum
485 771 504 811 a
525 749 606 812 mari
627 747 741 830 distat,
762 749 959 838 paludesque
983 750 1078 816 etiam
1098 753 1282 822 intersunt:

224 851 358 916 forsitan
382 851 570 915 Hannibalis
588 847 789 938 temporibus
808 867 841 914 et
864 851 958 916 latius
978 853 1118 940 spatium
1143 854 1228 940 fuit,
1252 849 1286 923 et

224 952 355 1042 paludes
374 951 580 1018 difficiliores.
852 1009 853 1014 ,
1140 984 1144 990 ·

267 1055 413 1119 Alterum
424 1054 489 1118 hoc
500 1052 660 1135 objiciunt,
673 1053 764 1142 quod
770 1053 942 1120 Hannibali
952 1077 1022 1120 eam
1031 1058 1116 1123 viam
1124 1061 1282 1151 ingresso,

223 1159 311 1221 Luca
329 1172 363 1220 et
382 1155 454 1220 Pisa
481 1155 614 1219 fuerunt
629 1176 706 1219 sane
728 1154 951 1244 expugnanda
972 1179 980 1221 ε
1003 1179 1083 1244 quas
1113 1162 1282 1248 quomodo

222 1259 394 1339 invaserit,
422 1257 472 1320 vel
491 1255 658 1346 quomodo
675 1256 815 1338 enitaris,
834 1279 901 1321 non
919 1257 1094 1346 perhibent
1117 1277 1278 1328 auctores.

222 1362 267 1426 At
284 1361 319 1425 in
342 1359 488 1448 quolibet
508 1360 569 1425 alio
593 1359 708 1424 itinere
728 1358 796 1423 aliae
812 1358 953 1424 aderunt
969 1361 1067 1426 urbes
1086 1363 1195 1426 forsan
1212 1385 1281 1426 non

223 1463 375 1527 minores.
386 1461 462 1529 Non
474 1462 593 1525 mirum
610 1475 659 1525 est
672 1459 713 1524 de
723 1460 762 1524 iis
777 1459 901 1524 siluisse
912 1459 1094 1544 blstoricos‚
1108 1463 1135 1527 si
1148 1485 1281 1551 praeser·

222 1565 282 1629 tim
298 1563 407 1628 nullus
427 1562 490 1627 fuit
508 1562 543 1625 in
564 1562 603 1626 iis
627 1559 848 1650 expugnandis
868 1559 969 1626 labor.
993 1561 1105 1627 Potuit
1129 1563 1281 1652 Sempro-

222 1667 314 1747 nius,
332 1687 431 1752 quem
443 1664 563 1729 seimus
578 1686 597 1726 a
610 1663 742 1728 consule
761 1676 965 1743 revocatum,
983 1658 1130 1726 deserere
1140 1664 1279 1746 Lucam3

222 1765 447 1853 Hannibalque
461 1788 563 1853 quum
575 1760 709 1851 adrerso
721 1765 809 1827 Arno
819 1761 866 1826 ire
879 1763 983 1844 veliet,
992 1763 1080 1828 Pisas
1092 1786 1280 1854 expugnan-

222 1866 278 1931 das
295 1889 362 1932 non
379 1867 560 1948 censuisse,
572 1889 636 1954 qua
651 1865 760 1930 forsan
780 1864 814 1926 in
836 1864 917 1929 urbe
936 1884 1109 1929 romanum
1128 1887 1195 1929 non
1212 1881 1281 1929 erat

221 1968 415 2057 praesidium.

369 2467 458 2514 1⁸¹1le
482 2467 661 2518 Excunsus
681 2471 726 2517 DE
752 2473 927 2521 TRANSITU
954 2473 1132 2523 tertuum.
