2984 4706
215 405 241 443 Α.
254 401 278 441 C.
295 404 339 456 ¹⁶9¹

220 463 340 506 m„
451 426 545 495 uin,
574 424 710 491 xilv.
738 423 843 492 esu.
872 424 937 490 m.
963 425 1007 490 x.
1195 425 1258 519 ιιι,

190 541 310 614 fronte
335 557 512 632 extrema,
534 559 572 616 et
592 569 636 614 ex
658 540 846 633 lateribus,
868 541 962 612 soli6
981 528 1261 628 non'habebant

92 696 95 706 ·
190 679 301 752 super
321 655 439 752 capita
459 655 549 725 elata
570 668 690 739 scuta,
722 678 769 723 ne
798 651 977 724 nudarent
1001 677 1170 752 corpora,
1198 652 1261 726 sed

190 779 363 864 praetenta
389 766 629 863 pugnantium
654 785 756 833 more
769 773 793 832 ⁷.
823 768 877 834 Ita
908 785 975 834 nec
1000 765 1098 860 ipsos
1121 765 1192 835 tela
1216 789 1262 835 ex

190 900 298 946 muro
319 876 426 946 missa
446 873 643 946 subeuntes
666 872 857 960 laeserunt,
880 887 916 944 et
936 873 1111 944 testudini
1130 875 1263 971 injecta

191 985 317 1056 imbris
332 979 567 1063 in-modum8
591 982 733 1055 lubrico
755 980 896 1080 fastigio
916 982 1063 1054 innoxia
1081 982 1126 1055 ad
1147 986 1262 1054 imum

192 1093 418 1168 labebantur.
441 1099 486 1165 Et
504 1093 632 1166 consul
647 1147 656 1184 ,
675 1108 781 1192 capto
793 1093 869 1187 jam
883 1093 1073 1181 Heracleo,
1091 1110 1204 1166 castra
1217 1118 1262 1165 eo

192 1208 395 1302 promovit,
414 1221 586 1302 tanquam
604 1208 856 1302 Dium-atque,
871 1202 955 1276 inde
972 1203 1144 1276 submoto
1161 1229 1263 1301 rege,

193 1317 232 1386 in
257 1319 406 1388 Pieriam
435 1319 541 1388 etiam
571 1338 826 1414 progressurus
838 1327 864 1384 9.
897 1315 989 1404 Sed,
1016 1314 1169 1388 hiberna
1188 1318 1262 1411 jam

191 1451 416 1526 praeparans,
441 1428 515 1498 vias
537 1423 797 1498 commeatibus
818 1423 1061 1496 subvehendis
1086 1449 1131 1496 ex
1150 1425 1261 1496 Thes·

192 1537 278 1609 salia
301 1539 436 1609 muniri
457 1537 583 1634 jubet,
609 1552 647 1609 et
668 1537 751 1634 eligi
771 1535 911 1607 horreis
932 1552 1140 1635 opportuna
1160 1535 1260 1622 loca,

193 1663 360 1746 tectaque
378 1637 561 1737 aedificari,
583 1647 647 1720 ubi
671 1646 848 1719 deversari
871 1661 1056 1744 portantes
1079 1639 1261 1718 commea-

193 1776 253 1832 tus
271 1775 427 1858 possent.
621 1771 623 1781 ⁴

234 1877 278 1943 X.
292 1876 462 1960 Perseus,
475 1871 622 1943 tandem
636 1895 657 1942 a
670 1893 803 1967 pavore
819 1891 883 1955 eo,
903 1893 979 1965 quo
994 1868 1170 1938 attonitus
1184 1863 1262 1938 lue-

194 2000 268 2071 rat,
285 2001 432 2083 recepto
448 1987 586 2073 animo,
604 1985 727 2074 malle,
748 1985 909 2082 imperiis
930 1984 1003 2054 suis
1028 2006 1102 2052 non
1125 1979 1263 2054 obtem*

147 2243 149 2246 ,
231 2191 257 2237 6.
265 2191 300 2237 Et
307 2189 332 2238 in
333 2188 422 2256 fronte
432 2202 556 2248 camma,
569 2204 593 2240 et
602 2209 636 2242 erc
644 2193 704 2243 late·
750 2193 809 2243 dam
822 2193 963 2252 instructio,
976 2193 1015 2242 vel
1026 2193 1138 2258 inrigata
1148 2192 1262 2250 testudo,

195 2269 260 2318 ribus
271 2270 320 2319 soli
326 2305 334 2328 ,
354 2272 371 2318 i.
388 2287 409 2320 e.
430 2270 476 2318 soli
494 2271 531 2318 illi
544 2270 646 2330 milites,
663 2274 706 2337 qui
749 2273 856 2338 speeiem
877 2273 937 2321 teeti
955 2270 1115 2320 aedificiorum
1138 2272 1261 2329 referens,

196 2349 360 2399 consistebant
378 2343 498 2414 bifronte
508 2351 671 2408 extrema,h.
683 2370 706 2400 e.
747 2368 824 2417 genus
843 2352 953 2400 exercitii
972 2351 1069 2409 tostici,
1091 2368 1139 2415 qno
1158 2350 1265 2398 Romani

196 2430 273 2494 prima
285 2427 324 2494 (ut
334 2428 431 2476 ultimus
440 2429 530 2493 passim
538 2463 546 2486 ,
554 2429 585 2478 de
595 2427 645 2494 qno
654 2431 706 2479 vid.
751 2432 883 2480 utebantur
895 2441 924 2478 ut
937 2441 1013 2496 parte
1031 2429 1121 2478 ludicri
1135 2429 1265 2478 circensis.-

196 2509 277 2574 intpp.
284 2511 375 2573 Nepet.
387 2509 440 2557 Att.
451 2510 658 2568 1,ettustin.11‚
671 2510 706 2574 ι),
750 2511 793 2559 sed
805 2511 867 2560 nihil
880 2527 955 2574 opus,
971 2522 995 2559 et
1006 2510 1150 2558 Ammianus
1164 2525 1264 2574 quoque

197 2588 269 2650 hujus
289 2589 408 2654 agminis,
433 2602 507 2640 etex
524 2603 629 2655 utroque
654 2593 707 2653 ejus

197 2668 271 2716 latere
279 2685 286 2727 ;
295 2669 369 2720 Drak.
380 2669 501 2736 Insronte
506 2706 514 2728 ,
524 2670 629 2720 extremi
638 2683 662 2718 et
674 2686 707 2720 ea:

197 2746 311 2796 lateribus
333 2751 398 2810 conj.
423 2749 492 2813 Lipe.
516 2751 594 2814 Epist.
614 2752 707 2812 Quaest.

199 2828 243 2884 IV,
258 2829 288 2875 13
296 2863 303 2887 ,
312 2838 336 2875 et
343 2830 399 2878 Iac.
410 2829 486 2876 Perit.

235 2922 258 2968 7.
269 2909 393 2954 Praetenta
398 2907 562 2972 pugnantium
572 2924 639 2956 more
648 2907 710 2968 (seu-

197 2997 237 3044 ιιι,
249 3001 284 3034 sc.
294 2986 455 3050 corporibus,
467 2998 496 3035 ut
507 3003 534 3034 ea
547 2987 666 3052 tegerent)
675 3003 711 3036 re·

198 3065 253 3129 eepi
261 3082 293 3112 ex
302 3066 396 3114 emend.
406 3067 473 3131 Lips.
484 3065 589 3115 Poliotc.
600 3068 626 3123 1,
637 3083 710 3129 quam

184 3167 186 3170 ·
198 3144 271 3192 etiam
281 3145 418 3209 probarunt
428 3146 506 3192 Gron.
519 3144 586 3193 Duk.
599 3156 624 3192 et
633 3145 709 3196 Drek.

198 3224 271 3273 Conf.
284 3225 316 3272 ed
330 3226 367 3282 X,
384 3240 415 3282 a,
432 3240 458 3272 n.
474 3225 504 3283 3;
517 3225 671 3282 XXXVIII,
684 3240 711 3283 7,

198 3319 224 3350 n.
240 3319 269 3364 73
288 3303 486 3352 adTaeit.Ann.
502 3305 538 3362 ΙΙ,
560 3305 609 3361 56,
628 3318 653 3350 ιι.
675 3319 707 3361 2;

199 3384 282 3432 Heius.
297 3383 329 3432 ad
344 3383 417 3432 Ovid.
437 3385 536 3432 Metam.
548 3385 622 3442 VIII,
644 3385 708 3443 341,

200 3463 254 3521 XI,
269 3463 333 3525 511,
347 3465 409 3522 XII,
425 3464 485 3524 376.
497 3464 629 3526 Vulgarum
639 3479 708 3526 prae·

199 3552 265 3588 tecta
288 3540 354 3589 haud
383 3542 502 3602 tueberis,
524 3543 576 3590 sive
600 3542 708 3606 explices

201 3630 270 3668 texta
282 3636 386 3685 corpora
397 3623 485 3681 scutis,
496 3623 546 3672 sive
559 3639 603 3686 per
614 3621 708 3687 hypall.

187 3729 189 3734 .
200 3701 316 3750 suadente
327 3703 439 3750 nauem:
454 3713 535 3761 soum,
553 3702 643 3765 quibus
654 3718 709 3750 oor·

200 3794 261 3844 pore
271 3792 352 3830 essent
362 3793 435 3830 tecta.

237 3861 261 3908 8.
275 3861 362 3909 Imbris
378 3861 403 3908 in
416 3859 535 3917 modnmr
548 3861 610 3908 forte
628 3861 710 3908 imbri·

201 3939 248 4002 eis,
257 3957 313 3990 nem
327 3957 383 3989 eum
396 3939 498 4004 tegolari
508 3949 574 3987 teoto
586 3953 712 4004 compara·

202 4031 242 4066 tur
253 4020 320 4084 apud
332 4018 446 4079 Suidam,
456 4019 594 4086 respergentis
607 4050 615 4076 ‚
629 4037 711 4070 reare·

202 4098 232 4154 an
243 4094 372 4163 διάταξις,
388 4099 448 4167 ὅπερ
462 4097 555 4150 inuisus
568 4085 675 4164 Pontion
687 4099 710 4150 lv

203 4172 306 4238 nardini<
321 4163 404 4250 pipeti,
416 4179 532 4243 regulare,
544 4177 635 4226 ordinis
647 4196 712 4242 quse·

749 2591 850 2648 XXVI,
866 2591 899 2652 8,
911 2590 979 2638 velut
993 2590 1099 2638 imbrem
1115 2606 1128 2637 e
1140 2599 1207 2637 teoto
1221 2589 1264 2636 de-

750 2669 800 2717 labi
809 2669 868 2720 facit
880 2671 942 2730 tela3
953 2670 1020 2734 Lips.
1032 2671 1109 2734 Epist.
1120 2671 1213 2731 Queat.
1220 2670 1264 2725 IV,

755 2750 785 2796 15
794 2786 801 2811 ,
811 2759 834 2797 et
846 2749 952 2798 Polioro.
967 2752 995 2808 Ι,
1006 2750 1030 2796 5.
1045 2749 1117 2798 Cous.
1132 2749 1198 2797 Plut.
1213 2749 1264 2796 An·

752 2840 805 2878 tou.
816 2844 873 2893 pag.
883 2831 944 2890 936.

789 2924 814 2970 9.
831 2909 959 2972 Tanquam
982 2907 1073 2963 Dium,
1099 2917 1188 2970 atque,
1209 2906 1266 2954 inde

753 2987 863 3035 submoto
876 3002 933 3052 rege
940 3021 948 3044 ,
960 2987 985 3033 in
1000 2983 1109 3032 Pieriam
1123 2985 1197 3032 etiam
1205 3001 1265 3049 pro-

752 3081 896 3130 gressurus:
914 3065 1037 3114 «Pieriam
1056 3063 1120 3111 Ptol.
1141 3065 1193 3121 111,
1220 3065 1265 3118 13,

754 3145 785 3192 ab
806 3144 870 3192 ostio
890 3145 988 3208 quidem
1006 3143 1091 3208 Lydiae
1108 3141 1134 3191 fl.
1156 3143 1266 3190 extendit

754 3223 786 3272 ad
803 3226 925 3283 Peneum,
945 3224 1056 3287 adeoque
1075 3223 1107 3270 ad
1125 3239 1176 3270 eam
1195 3223 1268 3270 refert

752 3305 839 3354 Dium:
849 3304 893 3352 sed
902 3301 1005 3366 Strabo,
1016 3305 1079 3361 vt1,
1090 3303 1214 3362 330,ejus
1223 3313 1269 3350 ter·

752 3385 833 3434 minos
843 3383 943 3432 flumina
952 3384 1011 3432 hino
1021 3383 1196 3441 Halieumone,
1208 3382 1268 3430 inde

753 3465 844 3513 Axium
855 3476 987 3522 memorat,
999 3464 1068 3512 etita
1079 3463 1153 3511 Dium
1166 3461 1214 3526 ipsi
1229 3473 1266 3509 est

753 3554 821 3591 extra
830 3541 946 3601 Pieriam,
956 3554 985 3592 ut
996 3554 1021 3590 et
1032 3543 1185 3590 Heracleum.
1200 3541 1268 3589 Simi-

752 3623 808 3672 liter
816 3637 870 3686 oap.
881 3639 914 3670 20
929 3633 1027 3682 narrat,
1038 3624 1152 3670 Perseum
1163 3620 1268 3668 Pieriam

755 3711 851 3758 tenere,
870 3713 994 3751 ettamen
1013 3701 1138 3750 consulem
1156 3699 1189 3746 ad
1202 3700 1271 3763 ripas¹

754 3783 841 3846 Enipei
854 3794 932 3830 eastra
951 3781 1049 3830 habere.
1066 3779 1173 3842 Enipeus
1187 3789 1269 3826 eutem

754 3861 836 3910 medio
848 3862 923 3910 ferme
935 3860 1016 3924 spatio
1026 3869 1063 3907 est
1071 3859 1136 3905 inter
1147 3859 1267 3918 Peneum,

755 3942 885 3988 terminum
893 3941 977 3988 Pieriae
990 3955 1037 3986 see.
1047 3937 1127 3994 Ptol.,
1137 3948 1162 3985 et
1172 3936 1266 3983 Heliae

755 4036 840 4077 mona,
852 4020 959 4081 ejusdem
970 4018 1099 4067 terminum
1111 4032 1158 4064 sec.
1168 4015 1269 4064 Strabo-

756 4116 819 4148 nem.
831 4121 843 4140 »ι
857 4099 931 4150 Drak.
950 4125 984 4136 --
1001 4095 1130 4145 Deversari
1138 4115 1149 4155 ;
1164 4095 1219 4142 vide
1238 4095 1270 4142 ad

757 4183 784 4239 Ι,
798 4180 874 4234 51,n.
886 4195 911 4226 a.
