2966 4708
254 391 329 495 564
498 379 501 384 ’
650 398 919 468 excursus

248 540 336 582 nunc
348 518 447 580 totius
461 518 555 580 ltaliae
570 519 746 582 teterrimas
758 519 915 600 videmus,
929 520 1010 582 circa
1025 518 1159 586 fluvium
1168 525 1307 608 Arnum,

247 639 375 682 neceas
396 618 501 699 selum
521 640 600 706 quas
616 618 741 689 bifurca
761 621 863 685 amnis
881 643 965 710 aqua
984 621 1140 705 includit,
1155 641 1211 692 aut
1228 648 1309 712 quas

245 717 285 782 ad
296 718 573 806 septemtrionem,
586 721 748 810 Liguriam
761 744 889 804 versus„
898 721 996 787 habet
1011 739 1153 788 extrema
1161 725 1308 810 Etruria,

245 818 302 884 sed
320 843 392 908 quae
410 837 511 885 totam
530 822 789 885 Arnivinferioris
804 822 918 886 vallem
940 823 1124 909 complent,
1140 824 1193 888 vix
1208 826 1307 892 leucis

245 923 368 1010 aliquot
381 921 421 986 ab
438 923 519 986 urbe
535 923 665 986 Faesulis
679 922 843 987 distantes.
1288 997 1311 1012 ,-

288 1024 361 1107 Qua
374 1040 482 1087 autem
498 1025 719 1113 potissimum,
733 1023 823 1112 quod
844 1041 1007 1112 superest,
1020 1041 1128 1112 parte,
1143 1028 1307 1094 Hannibal

243 1125 453 1211 Apenninum
466 1124 713 1207 transcenderit,
723 1148 742 1188 e
753 1122 903 1190 Cornelio
916 1127 1044 1213 Nepote
1059 1127 1234 1210 discemus,
1247 1132 1307 1216 qui

241 1225 274 1287 in
292 1225 356 1288 vita
374 1226 577 1308 Hannibalis,
594 1249 663 1315 cap.
681 1229 717 1308 A,
731 1257 744 1282 «
755 1249 814 1314 per
835 1227 989 1316 Ligures,
1010 1229 1135 1317 inquit,
1156 1231 1302 1318 Apenni-

195 1413 197 1421 γ
241 1345 321 1390 num
345 1327 489 1410 transiit,
503 1344 614 1417 petens
641 1329 846 1392 Etruriamn:
868 1344 940 1392 tum
968 1327 1058 1393 addit
1087 1331 1301 1396 Hannibalem

239 1428 353 1490 hocin
369 1427 483 1491 itinere
502 1429 600 1493 fuis'se
614 1431 714 1493 altero
728 1445 858 1517 captum
874 1431 980 1502 oculo.
999 1421 1062 1494 Sed
1079 1431 1159 1519 quid
1176 1433 1303 1496 Livium

239 1527 491 1617 Corneliumque
526 1531 753 1614 sollicitamus,
768 1553 879 1618 quum
915 1533 982 1595 sola
1010 1531 1062 1594 fax
1090 1533 1235 1616 rationis,
1268 1534 1303 1598 id

238 1629 364 1716 ipsum,
381 1632 500 1696 nullius
528 1634 668 1698 auctoris
698 1655 780 1721 ope,
798 1631 993 1711 subjecisset.
1020 1632 1102 1714 Quae
1132 1634 1217 1696 enim
1244 1659 1303 1723 per

236 1732 445 1820 Apenninum
462 1733 512 1796 via
528 1733 674 1822 eligenda
688 1733 751 1797 fuit
760 1733 949 1815 Hannibali,
968 1733 1128 1797 Placentia
1139 1732 1320 1822 postTreJ'

236 1829 364 1894 bianam
386 1833 551 1897 victoriam
580 1833 743 1924 prolecto,
760 1833 1013 1922 abhorrentique
1038 1833 1143 1926 abeo
1168 1836 1301 1919 itinere,

236 1932 457 1997 commodiore
474 1933 623 2022 quidem,
638 1934 695 1999 sed
708 1936 806 2023 longo
820 1934 916 1998 nimis
930 1934 1133 2022 nimiumque
1146 1937 1300 2000 Romanis

236 2053 333 2121 noto,
351 2038 442 2127 quod
464 2041 626 2104 Mutinam
646 2041 891 2128 Bononiamque
911 2039 1021 2105 ducit?
1041 2040 1138 2122 Sane,
1161 2041 1216 2128 qui
1236 2044 1301 2129 pri-

235 2165 306 2205 mus
328 2141 431 2228 patuit
447 2165 505 2230 per
522 2158 649 2206 montes
664 2140 784 2219 aditus,
803 2165 878 2206 eum
894 2164 1052 2230 occupare
1070 2140 1198 2224 debuit,
1214 2143 1299 2209 circa

233 2242 355 2317 Trebiae
378 2243 516 2330 Tarique
534 2234 657 2324 fontes,
681 2241 757 2306 inde
776 2243 817 2307 ad
833 2261 929 2332 caput
947 2245 1062 2330 Macree
1080 2243 1296 2326 descendere,

233 2365 299 2406 uno
310 2345 489 2424 verbo,iter
498 2344 539 2408 ad
550 2347 676 2432 Apuam
687 2345 790 2432 sequi.
811 2345 879 2408 Illic
891 2345 1038 2433 prolecto
1053 2345 1086 2407 in
1097 2366 1147 2407 eas
1160 2343 1296 2432 paludes

233 2444 361 2526 incidit,
377 2467 455 2533 quas
471 2445 582 2509 dextra
598 2447 739 2533 laevaque
758 2445 874 2510 fluvius
889 2448 997 2511 Arnus
1013 2445 1127 2525 habet,
1140 2445 1194 2507 illo
1213 2460 1297 2508 tem·

233 2567 311 2633 pore
322 2546 450 2618 latiores
465 2548 569 2611 multo
581 2570 682 2634 ¹quam
700 2570 802 2630 nunc,
819 2570 925 2636 neque
940 2547 1109 2637 aggeribus
1124 2535 1293 2630 coercitas,

231 2670 249 2709 e
266 2646 402 2736 quibus,
418 2671 477 2736 per
490 2649 604 2712 vallem
613 2649 692 2714 Arni
706 2649 917 2736 superiorem,
930 2648 964 2710 in
979 2647 1093 2710 melius
1103 2646 1293 2734 firmiusque

231 2749 336 2811 solum
349 2750 490 2830 emersit,
503 2748 594 2838 quod
602 2750 662 2814 sub
672 2749 802 2814 Faesulis
814 2764 847 2811 et
858 2749 979 2813 circum
991 2747 1188 2811 Florentiam
1200 2748 1295 2830 jacet,

231 2851 407 2939 locatisque
424 2853 480 2914 ubi
499 2852 643 2938 primum
660 2852 692 2915 in
711 2852 796 2916 sicco
811 2851 918 2938 potuit
935 2849 1055 2926 castris,
1066 2849 1197 2937 quievit.
1216 2850 1295 2912 Mox

231 2973 288 3040 per
294 2952 409 3015 vallem
420 2952 593 3039 superioris
606 2952 687 3016 Arni
699 2951 861 3015 Etruriam
871 2951 1057 3015 interiorem
1073 2950 1181 3038 petiit,
1194 2949 1291 3012 dum·

232 3072 295 3138 que
324 3052 486 3116 Arretium
512 3051 834 3142 praetergrederetur,
857 3050 1051 3116 Flaminium
1072 3049 1292 3115 lacessendum

202 3216 204 3220 ,
234 3176 299 3216 non
315 3153 439 3218 omisit:
455 3177 521 3242 quo
534 3154 574 3218 ab
588 3154 664 3218 laeva
680 3147 804 3237 relicto,
813 3153 920 3218 Clanis
931 3153 1044 3217 vallem
1055 3153 1216 3242 ingressus
1229 3166 1294 3231 cst,

234 3271 320 3318 trans
347 3255 524 3319 Cortonam
546 3255 587 3319 ad
616 3255 794 3320 Trasirneni
823 3255 911 3319 lacus
939 3256 1023 3343 ripas
1052 3254 1204 3333 tendens,
1229 3274 1293 3339 qua

233 3359 377 3424 ascendit
403 3359 443 3422 ad
466 3361 635 3450 Perugiam
661 3361 728 3443 via,
756 3359 866 3448 ibique
888 3359 1097 3449 exspectavit,
1124 3358 1228 3422 donee
1259 3379 1293 3446 se

233 3476 350 3547 sponte
375 3483 431 3525 sua
448 3462 562 3525 consul
574 3458 816 3549 profligandum
837 3461 1003 3549 praeberet.
1025 3459 1063 3524 ld
1086 3461 1147 3523 iter
1171 3458 1294 3552 Hanni·

233 3561 310 3624 balis
330 3561 428 3626 fuisse
451 3562 495 3624 ita
517 3561 598 3626 ratio
614 3561 827 3645 demonstrat,
846 3563 890 3626 ita
914 3578 1083 3627 auctorum
1110 3559 1292 3624 testimonia

234 3681 413 3752 naturaque
439 3665 589 3738 locorum
602 3664 792 3751 postulant,
809 3679 846 3726 ut
861 3662 949 3727 aliud
968 3662 1104 3752 quodvis
1120 3661 1293 3749 excogitari

234 3761 376 3849 potuisse
396 3763 449 3828 vix
467 3785 504 3828 ac
526 3786 568 3827 ne
587 3765 639 3827 vix
658 3762 789 3851 quidem
807 3762 1005 3828 credendum
1026 3763 1076 3830 sit.
1099 3763 1212 3842 Multi,
1233 3783 1293 3824 seu

234 3886 315 3950 quos
335 3866 387 3929 illa
409 3865 507 3930 verba
525 3864 654 3934 Fesulas
667 3880 792 3952 petens,
821 3887 892 3954 quae
917 3864 1003 3952 apud
1028 3863 1154 3927 Livium
1180 3883 1291 3925 emen·

234 3966 339 4030 danda
358 3968 555 4048 notavimus,
572 3967 784 4054 deceperunt,
802 3988 859 4029 seu
883 3987 964 4052 quos
983 3965 1016 4027 in
1034 3984 1174 4027 errorem
1193 3983 1292 4024 suum

235 4067 350 4134 Strabo
372 4069 515 4149 induxit,
542 4091 599 4130 seu
618 4067 674 4156 qui
692 4084 832 4159 mutatos
852 4067 945 4131 variis
973 4065 1171 4154 temporibus
1194 4062 1292 4142 lines,

235 4171 353 4262 quibus
368 4169 407 4234 ab
421 4169 549 4236 Etruria
559 4169 687 4258 Liguria
699 4167 948 4253 (becuminatur,
959 4168 1202 4258 ignoraverunt,
1214 4162 1291 4226 alias
