2972 4720
220 413 261 460 ια
642 401 681 466 r.
716 400 855 467 mvn
1127 377 1252 492 etat:

215 509 450 610 tionibusque
464 517 536 590 suis
547 513 574 605 ³,
588 531 624 588 et
641 517 800 592 Thessali
813 516 940 616 legati,
957 518 1183 607 nuntiantes,
1199 543 1278 616 quae

214 619 253 688 in
270 621 483 696 Macedonia
499 643 720 724 gererentur.

262 735 304 801 V.
333 737 501 823 Perseus,
524 737 597 833 jam
622 737 757 810 bellum
785 739 868 808 vivo
894 752 997 835 patre
1022 739 1217 835 cogitatum
1239 740 1277 810 in

213 841 335 912 animo
356 843 525 936 volvem,
550 872 695 937 omnes,
718 875 794 920 non
812 862 937 946 gentes
959 848 1094 920 modo¹
1114 849 1276 938 Graeciae,

212 951 276 1022 sed
289 953 447 1027 civitates
461 957 585 1044 etiam,
599 959 837 1058 legationibus
850 957 1056 1048 mittendis,
1071 958 1276 1056 pollicendo

210 1059 335 1158 plura,
360 1089 469 1160 quam
493 1070 718 1165 praestando,
744 1068 812 1140 sibi
838 1067 1063 1139 conciliabat.
1088 1073 1200 1140 Erant
1222 1083 1288 1140 tae

211 1182 322 1242 men²
345 1197 475 1271 magna
491 1201 536 1248 ex
554 1194 655 1276 parte
676 1175 866 1248 hominum
885 1174 930 1251 ad
948 1174 1107 1247 favorem
1124 1176 1201 1271 ejus
1220 1175 1274 1244 in·

211 1280 333 1351 clinati
353 1284 484 1373 animi,
508 1301 543 1358 et
568 1286 752 1383 aliquanto
777 1307 885 1382 quam
912 1286 949 1356 in
971 1289 1168 1356 Eumenem
1189 1309 1275 1382 pro-

209 1393 420 1488 pensiores;
447 1421 560 1493 quum
583 1397 754 1469 Eumenis
780 1393 966 1467 beneficiis
987 1393 1276 1491 muneribusque

209 1525 336 1573 omnes
356 1508 501 1578 Graeciae
521 1505 680 1579 civit'ates
708 1520 744 1578 et
766 1505 931 1604 plerique
951 1506 1157 1602 principum
1180 1502 1276 1574 obli-

209 1611 281 1707 gati
299 1630 438 1703 essent3
461 1619 564 1688 etita
587 1641 624 1690 se
648 1619 687 1688 in
712 1641 826 1713 regno
847 1640 913 1686 suo
934 1630 1093 1713 gereret,
1113 1629 1173 1703 ut,
1195 1638 1275 1711 quae

209 1719 278 1791 sub
297 1722 435 1796 ditione
452 1727 552 1823 ejus,
580 1727 688 1800 urbes
704 1727 839 1798 nullius
857 1725 975 1801 liberte
997 1725 1147 1795 civitatis
1163 1721 1275 1794 fortu-

209 1857 292 1902 nam
311 1859 432 1906 secum
447 1852 620 1909 mutatam
635 1837 779 1910 vellent.
801 1840 935 1907 Contra
948 1838 1077 1905 Persea
1090 1827 1185 1903 fania
1198 1847 1275 1905 erat

207 1956 292 2039 post
304 1945 416 2041 patris
429 1962 586 2018 mortem
600 1973 752 2018 uxorem
766 1972 878 2017 manu
893 1969 956 2015 sua
969 1942 1160 2029 occidisse;
1177 1943 1276 2040 Apel-

208 2050 300 2139 lem,
327 2055 533 2126 ministrum
553 2057 739 2153 quondam
762 2055 898 2127 fraudis
919 2056 957 2125 in
981 2053 1092 2124 fratre
1112 2051 1273 2125 tollendo

180 2237 182 2246 ¹
207 2176 316 2258 atque
332 2162 380 2234 ob
394 2163 429 2235 id
447 2170 660 2264 requisitum
679 2191 699 2236 a
717 2166 886 2263 Philippo
904 2164 950 2236 ad
966 2165 1203 2262 supplicium,
1220 2189 1275 2235 ex·

208 2270 405 2361 sulantem,
427 2279 634 2348 arcessitum
654 2292 736 2375 post
761 2277 872 2376 patris
891 2290 1046 2347 mortem
1067 2273 1275 2371 ingentibus

208 2383 392 2477 promissis
407 2385 451 2472 ad
468 2389 613 2484 praemia
628 2401 736 2458 tantae
753 2399 966 2485 perpetratae
983 2386 1036 2456 rei
1055 2385 1145 2456 clam
1165 2385 1274 2456 inter·

207 2488 344 2563 fecisse.
375 2499 559 2570 Intestinis
585 2499 816 2594 externisque
838 2509 1008 2594 praeterea
1031 2495 1154 2566 multis
1171 2495 1274 2565 caedi·

207 2600 277 2674 bus
295 2602 484 2696 infamem,
503 2634 571 2680 neo
588 2609 665 2679 ullo
683 2603 1008 2680 commendabilem
1027 2605 1175 2691 merit0,
1189 2627 1273 2700 prae

244 2781 268 2828 3.
281 2783 319 2828 De
332 2782 460 2834 discordiis
478 2785 681 2852 seditionibusque
695 2804 715 2836 s.
760 2787 800 2834 bes
819 2785 909 2834 nullius
927 2785 1009 2833 libem
1026 2783 1129 2844 ciuitatis
1139 2782 1272 2850 fortunam

208 2860 274 2908 conf.
286 2860 399 2922 adXLI,
411 2864 453 2912 25.
760 2875 971 2912 secummutatana
980 2864 1091 2921 vellent,
1104 2878 1211 2911 cumana
1222 2862 1272 2908 for·

243 2937 305 2986 Car.
318 2942 350 2988 V.
364 2958 387 2989 r.
396 2944 453 2991 Non
462 2953 544 3008 gentes
558 2943 631 2991 modo
649 2943 716 2991 Groe·
760 2955 827 2992 tuna.
839 2967 852 2986 α
864 2944 948 2991 Verbo
964 2954 1059 2991 mutare
1072 2941 1273 3011 praepositionem

207 3015 266 3073 eioe,
276 3027 322 3066 etc.
332 3021 397 3068 conf.
407 3021 498 3087 Polyb.
508 3023 612 3078 xm,
627 3022 651 3070 5.
760 3040 814 3070 cum
828 3022 901 3084 addi,
919 3023 1005 3072 docuit
1022 3025 1132 3072 Gronov.
1145 3021 1176 3068 ad
1194 3021 1273 3068 Plaut.

243 3113 268 3144 a.
285 3099 406 3147 Particula
427 3111 506 3156 tamen
525 3100 658 3165 respondet
680 3117 716 3148 se·
761 3103 826 3150 P'rol.
845 3103 943 3168 Captiv.
964 3120 986 3150 v.
1012 3103 1058 3163 28,
1085 3100 1190 3150 laudatis
1211 3099 1273 3146 locis

206 3177 291 3238 quenti
303 3179 429 3240 particulae
446 3197 520 3243 quum
538 3196 584 3244 pro
600 3180 716 3244 quamvis.
761 3182 835 3230 ovid.
850 3183 910 3231 Met.
929 3169 979 3240 111,
1001 3182 1061 3242 196,
1074 3181 1137 3237 VII,
1154 3179 1198 3238 593
1214 3167 1272 3223 Sall.
1316 3243 1318 3248 Ι

207 3257 293 3304 Oratio
311 3257 346 3304 sic
366 3258 487 3306 cohaeret:
506 3259 622 3322 Quamvis
633 3275 717 3307 omnes
761 3262 819 3324 Jug.
832 3267 879 3317 44,
892 3270 916 3307 et
927 3258 1019 3306 Justini
1028 3259 1039 3303 I
1049 3292 1056 3316 ,
1068 3273 1092 3304 a.
1105 3254 1273 3302 SimiliterAn·

207 3335 307 3382 Graeciae
325 3337 449 3394 civitates,
466 3347 491 3384 et
506 3338 614 3402 plerique
627 3339 718 3401 prInoi·
762 3339 826 3402 tiqui
839 3339 954 3386 dixerunt
967 3327 1117 3384 commutate
1128 3350 1179 3380 rem
1189 3349 1215 3380 re
1226 3333 1273 3381 ali·

207 3427 266 3476 pum
280 3413 382 3478 obligati
393 3427 473 3463 essent
484 3415 620 3474 beneficiis,
632 3431 718 3464 mune·
762 3434 812 3481 qua
832 3427 923 3464 etcum
940 3430 966 3460 re
985 3414 1146 3477 aliqnarneo
1164 3423 1271 3470 tantum,

208 3491 322 3554 ribusque
336 3495 464 3552 Eumenis,
476 3506 500 3543 et
510 3498 620 3558 quemvis
630 3498 717 3543 Eume·
760 3506 788 3543 nt
796 3494 822 3541 h.
832 3494 862 3551 l.‚
877 3503 971 3540 rnntare
981 3508 1040 3550 rem,
1047 3507 1119 3556 quam
1129 3490 1271 3554 accipimus,

207 3586 251 3618 nes
263 3571 296 3618 ita
304 3589 330 3619 se
341 3573 368 3620 in
377 3588 453 3636 regno
464 3586 564 3636 gereret,
576 3586 629 3624 ut...
636 3585 716 3622 tamen
760 3589 815 3620 cum
825 3589 860 3629 re,
865 3588 937 3635 quam
944 3570 1038 3632 damus,
1045 3569 1087 3616 sed
1097 3571 1169 3617 etiam
1178 3580 1273 3617 mutare

206 3650 292 3707 animi,
300 3650 497 3699 ete-Eumenis
504 3652 623 3721 beneficiis
629 3669 661 3700 m.
669 3669 717 3700 om·
760 3668 819 3708 rem,
827 3667 899 3714 quam
911 3650 1003 3708 damus,
1012 3665 1067 3696 eum
1078 3665 1113 3708 re,
1123 3665 1196 3713 quam
1207 3649 1271 3696 aeci-

207 3745 248 3776 nes
259 3729 361 3778 Groecioe
372 3730 493 3787 civitates,
504 3741 551 3779 ete.
561 3731 626 3779 unde
636 3731 667 3779 ab
676 3731 715 3778 his
758 3731 853 3796 plmnr,
869 3741 896 3778 ut
908 3729 982 3777 Ovid.
993 3730 1009 3778 l.
1019 3730 1035 3778 l.
1046 3729 1085 3778 CI.
1093 3731 1127 3787 V,
1138 3731 1186 3786 30,
1196 3744 1222 3776 n.
1233 3729 1247 3774 3
1258 3760 1267 3786 ,

207 3809 289 3856 multae
305 3810 328 3857 ei
344 3821 429 3858 statue
440 3810 528 3875 posita
541 3819 566 3856 et
580 3809 676 3858 decreta
689 3810 715 3857 in
759 3821 784 3858 et
793 3811 869 3860 Gron.
880 3809 898 3856 l.
911 3809 928 3857 l.
943 3809 1018 3858 Drak.
1028 3837 1063 3846 -
1076 3809 1167 3856 Contra
1182 3810 1271 3854 Persea

207 3887 325 3934 honorem
348 3891 399 3949 ejus
413 3889 490 3946 Iacta;
507 3888 617 3936 videatur
627 3888 715 3954 Polyb.
751 3888 828 3955 fama
837 3901 929 3937 erat...
944 3889 1066 3953 Apellem,
1123 3888 1188 3934 clani
1197 3885 1271 3933 inten-

208 3968 322 4025 xxvn,
343 3970 389 4026 15;
409 3970 535 4027 xxviii,
554 3986 567 4030 7
587 3979 611 4016 et
630 3985 667 4017 ro.
682 3993 717 4004 --
753 3968 857 4034 sertim
870 3967 978 4017 notabile
993 3967 1130 4030 exemplum
1140 3964 1269 4029 amphibo-

210 4047 269 4105 Qua
289 4048 332 4093 sub
354 4047 445 4094 ditione
462 4047 527 4112 ejus,
546 4048 599 4096 soil.
620 4058 714 4101 essent,
759 4047 846 4112 logice
864 4047 995 4104 orationis,
1007 4045 1118 4110 Apellam
1133 4044 1270 4106 intelliget

209 4125 277 4191 quod
287 4127 362 4176 Curio
372 4125 460 4188 aliique
469 4126 617 4187 adjecerunt.
627 4156 658 4164 -
674 4130 717 4189 Ur,-
761 4129 848 4175 Perseo
858 4125 1021 4176 interfectum.
1030 4125 1076 4174 Eo.
