2970 4712
203 353 327 451 3223'53233
410 369 559 436 cinna
591 368 698 434 xcv.
728 367 831 434 cle.
857 367 982 434 xvir.
1163 389 1229 458 297

178 517 271 564 cum.
287 497 327 562 In
343 477 587 560 Macedoniam
605 505 689 559 sunt
706 489 742 558 hi
760 490 955 574 nominati,
970 493 1010 558 A.
1030 487 1232 559 Postumius

176 605 330 688 Luscus,
346 603 384 670 C.
402 598 589 684 Claudius,
604 597 711 669 ambo
723 597 894 683 censorii,
911 602 949 666 C.
965 597 1123 666 Licinius
1138 599 1233 665 Cras·

177 738 257 798 sus,
279 710 411 808 collega
436 695 473 778 in
496 708 685 779 consulatu
703 706 838 793 Paulli3
862 721 937 776 tum
956 720 1147 804 prorogato
1166 707 1232 775 im-

176 822 278 920 perio
292 821 511 917 provinciam
532 818 681 888 Galliam
699 816 855 887 habebat
866 827 892 884 ².
910 817 973 886 His
988 814 1234 886 consularibus

175 930 345 1002 addidere
371 933 436 1000 Cn.
463 928 661 999 Domitium
682 924 982 1012 Ahenobarbum,
1005 929 1076 994 Ser.
1101 929 1234 994 Corne-

175 1040 265 1112 lium
295 1039 449 1124 Sullam,
474 1043 513 1108 L.
540 1038 707 1125 Junium,
731 1042 769 1108 C.
791 1037 984 1106 Antistium
1008 1033 1232 1120 Labeonem,

176 1156 216 1220 T.
242 1148 442 1221 Numisium
469 1147 782 1242 Tarquiniensem,
810 1149 850 1214 A.
874 1146 1081 1216 Terentium
1103 1148 1233 1214 Varro·

175 1283 271 1330 nem.
289 1264 332 1328 ln
349 1257 527 1356 Illyricum
548 1270 669 1326 autem
685 1255 723 1325 hi
742 1257 933 1342 nominati,
950 1258 985 1324 P.
1001 1253 1110 1325 AElius
1125 1256 1232 1348 Ligus

176 1368 392 1454 consularis,
418 1370 458 1437 C.
484 1367 683 1454 Cicereius,
709 1379 745 1435 et
771 1369 836 1435 Cn.
865 1364 1004 1434 Baebius
1025 1361 1232 1460 Tamphilus

175 1478 262 1570 (hic
280 1479 399 1575 priore
416 1500 531 1556 anno,
552 1475 732 1545 Cicereius
746 1475 868 1544 multis
884 1487 966 1544 ante
983 1474 1087 1543 annis
1101 1485 1234 1569 praetor

176 1584 293 1657 fuerat
304 1585 335 1680 ),
353 1588 389 1654 P.
406 1581 593 1654 Terentius
606 1585 895 1673 Tusciveicanus,
915 1587 952 1653 P.
967 1582 1144 1653 Manilius.
1157 1585 1233 1650 Mo-

175 1695 241 1764 niti
258 1693 387 1764 deinde
404 1692 570 1764 consules
584 1715 604 1764 a
620 1691 803 1777 Patribus,
817 1708 878 1778 ut,
894 1695 1064 1788 quoniam
1082 1689 1233 1764 alterum

175 1828 220 1875 ex
245 1803 300 1875 his
324 1803 513 1875 succedere
538 1807 576 1874 C.
599 1804 759 1887 Licini0,
786 1803 850 1898 qui
874 1803 1009 1897 legatus
1027 1803 1233 1873 nominatus

176 1928 272 1999 erat,
297 1914 336 1983 in
360 1913 510 1984 Gal-liam
534 1926 739 2011 oporteret,
764 1914 880 2009 primo
903 1935 1051 2007 quoque
1071 1926 1234 2007 tempore

174 2024 375 2120 provincias
389 2038 450 2093 aut
464 2037 715 2120 compararent
732 2023 824 2091 inter
838 2046 895 2109 se,
905 2017 990 2090 aut³
1007 2022 1233 2105 sortirentur,

175 2134 290 2204 sortiti
306 2146 400 2203 sunt.
419 2136 468 2201 Μ.
489 2138 507 2204 J
510 2133 596 2202 unio
611 2133 696 2202 Pisae
715 2129 942 2202 obvenerunt
961 2130 1094 2228 (quem
1113 2133 1232 2228 prius,

175 2267 284 2338 quam
307 2243 345 2312 in
370 2242 590 2340 provinciam
614 2242 701 2328 iret,
729 2241 943 2338 legationes,
968 2265 1047 2337 qnae
1071 2240 1233 2336 undique

174 2357 324 2422 Romam
346 2350 562 2448 gratulatum
586 2366 850 2438 convenerunt,
871 2350 1100 2422 introducere
1120 2352 1158 2419 in
1180 2375 1233 2419 se-

175 2475 299 2531 natum
320 2459 497 2558 placuit),
519 2463 562 2550 Q.
580 2460 670 2532 AElio
686 2460 811 2530 Gallia.
832 2465 1010 2532 Caeterum
1026 2485 1234 2557 quanquam

174 2569 263 2667 tales
276 2569 342 2639 viri
356 2573 599 2656 mitterentur,
615 2595 774 2666 quorum
788 2571 832 2641 de
846 2572 996 2642 consilio
1011 2573 1145 2668 sperari
1159 2595 1235 2668 pos

174 2693 245 2764 set,
271 2682 504 2778 imperatores
530 2679 620 2750 nihil
646 2679 835 2776 indignum
863 2705 930 2750 nec
956 2681 1144 2750 clementia
1166 2705 1233 2750 nec

170 2790 343 2884 gravitate
374 2788 501 2886 populi
531 2791 671 2859 romani
698 2788 907 2860 decreturos
933 2813 1029 2875 esse,
1055 2789 1234 2859 tamenin
1266 2855 1268 2863 ,

176 2912 303 2968 senatu
319 2922 467 2995 quoque
481 2898 611 2993 agitata
627 2913 681 2968 est
697 2923 834 2968 summa
853 2899 1105 2981 consiliorum,
1128 2910 1168 2966 ut
1183 2898 1234 2966 in-

177 3007 303 3078 choata
330 3009 450 3077 omnia
475 3007 578 3101 legati
605 3005 649 3077 ab
678 3006 787 3077 domo
814 3005 906 3078 ferre
935 3006 979 3076 ad
1003 3008 1235 3102 imperatores

177 3132 333 3215 possent.

214 3315 237 3345 a.
250 3301 309 3348 Tum
319 3311 455 3365 prorogato
472 3300 571 3364 imperio
582 3299 683 3364 provin·
728 3315 753 3346 n.
775 3315 796 3344 1.
814 3300 878 3347 Mox
895 3300 1005 3347 Gronov.
1024 3296 1127 3345 malebat
1146 3298 1236 3346 sortitis

177 3377 241 3426 ciam
252 3380 361 3427 Galliam
371 3379 579 3442 toletanum
590 3396 685 3428 sucees-
728 3379 763 3424 M.
783 3362 870 3434 lunio,
885 3387 932 3425 etc.
949 3387 974 3424 et
992 3376 1115 3424 Drakenb.
1138 3388 1236 3436 monet,

177 3470 219 3502 sor
235 3459 354 3507 venisset:
369 3475 424 3506 nam
444 3459 584 3507 consulibus
604 3459 685 3507 statim
729 3456 828 3503 verbum
843 3467 901 3503 sunt
912 3455 971 3503 olim
985 3456 1054 3502 unica
1070 3454 1140 3502 litera
1153 3472 1165 3500 s
1178 3455 1237 3501 scri-

177 3535 240 3582 inito
253 3537 392 3600 magistratu
409 3537 469 3585 Pisae
488 3549 512 3586 et
531 3538 608 3586 Gallia
626 3553 683 3602 pro·
727 3546 796 3600 ptum
815 3536 896 3582 luisse.
921 3535 969 3583 Sed
990 3534 1056 3581 unde
1077 3525 1236 3597 tum'pendet

177 3613 263 3661 vinciae
283 3614 384 3662 decretae
401 3615 496 3664 fuerant
516 3632 569 3680 cap.
592 3616 638 3674 ιθ,
659 3627 685 3663 et
728 3616 835 3663 moniti:²
857 3631 888 3663 an
906 3615 953 3663 hoc
974 3615 1065 3662 dietum
1081 3630 1130 3676 pro
1152 3612 1238 3660 moniti

179 3691 297 3748 Licinius,
310 3693 374 3740 inter
387 3695 415 3738 X
425 3692 517 3755 legatos
530 3685 684 3752 nominatus,
727 3702 803 3742 sunt?
815 3721 849 3730 -
860 3695 1040 3749 Convenerunt,
1056 3693 1139 3757 potius
1152 3707 1236 3739 conve-

178 3785 253 3832 quum
263 3769 285 3816 ei
294 3770 327 3831 Q
338 3769 415 3816 AElius
424 3771 508 3817 consul
518 3772 683 3829 successisset,
728 3772 978 3828 nerant;Duker.-
989 3773 1094 3833 Quorum
1113 3771 1144 3817 de
1157 3771 1236 3817 consi-

178 3846 226 3893 hoc
246 3863 309 3895 anno
331 3849 356 3895 in
373 3849 541 3896 Macedoniam
561 3851 684 3913 profectus
727 3853 760 3899 lio
772 3869 807 3914 sp.
816 3862 912 3914 posset,
930 3851 986 3915 imp.
1001 3849 1086 3898 nillil...
1100 3850 1235 3896 decreturos

179 3935 215 3972 est
225 3943 232 3981 ς
241 3925 305 3976 Duk.
319 3927 390 3975 Conf.
403 3942 469 3990 seqq.
727 3947 793 3984 esse‚·
807 3929 854 3976 boc
869 3941 918 3987 est,
932 3931 975 3993 qni
987 3946 1032 3993 pro
1050 3929 1178 3994 prudentia
1194 3945 1236 3976 sua

110 4031 112 4041 .
216 4006 237 4051 3.
248 4005 386 4052 Provincias
404 4016 449 4052 aut
459 4018 630 4068 compararent
647 4009 684 4055 in·
729 4007 793 4068 haud
807 4009 947 4071 permissuri
959 4020 1053 4064 essent,
1066 4021 1093 4056 ut
1106 4010 1236 4073 imperato-

179 4094 215 4129 τεν
225 4098 257 4140 se,
269 4096 313 4130 aue
323 4083 478 4142 sortirentur;
488 4084 543 4132 vide
551 4086 583 4134 ad
591 4089 643 4146 111,
656 4104 684 4147 a,
729 4103 766 4134 res
778 4086 933 4135 decernerent
944 4086 1049 4150 aliquid,
1058 4089 1125 4150 quod
1134 4088 1237 4136 clemen-
