2976 4712
258 391 327 476 432
662 389 911 486 armona

258 517 379 604 Quum
390 526 587 609 quaestores
599 512 636 581 in
647 509 744 584 bona
755 512 833 606 ejus
847 510 992 609 publice
1002 509 1218 608 possidenda
1228 511 1327 581 missi

259 638 397 710 essent,
421 647 498 693 uon
524 620 637 692 modo
660 623 699 692 in
721 624 763 692 iis
784 621 898 693 ullum
922 606 1136 719 vestigium³
1162 623 1326 719 pecuniae

258 736 362 831 regiae
390 734 574 832 apparuit,
605 729 668 802 sed
694 756 923 830 nequaquam
951 745 1092 814 tantum
1117 728 1325 813 redactum,

258 859 401 942 quantae
421 867 569 914 summae
590 856 667 912 erat
694 840 895 913 damnatus.
922 839 1096 911 Collatam
1121 864 1142 932 a
1164 841 1327 937 cognatis

259 969 295 1024 et
317 953 440 1024 amicis
465 949 766 1022 innumerabilem
788 952 978 1048 pecuniam
1001 951 1162 1047 accipere
1186 948 1324 1020 noluit:

258 1087 338 1160 quae
356 1064 554 1136 necessaria
568 1063 602 1133 ei
616 1075 719 1134 erant
730 1061 776 1132 ad
791 1061 947 1147 cultum,
960 1059 1172 1157 redempta..

406 1299 408 1306 ⁴
483 1298 715 1368 EPITOME
743 1299 886 1367 LIBRI
916 1298 1095 1367 XXXIX.

306 1519 353 1584 M.
367 1512 694 1600 AEmiliusconsrd,
707 1507 899 1610 Liguribus
914 1512 1087 1602 subactis,
1107 1515 1201 1584 viam
1216 1538 1236 1584 a
1251 1514 1329 1585 Pla·

259 1626 376 1713 centia
400 1630 516 1722 usque
541 1625 742 1694 Ariminum
765 1624 978 1722 perductam
997 1623 1177 1694 Flaminiae
1194 1623 1328 1718 junxit.

259 1737 368 1805 Initia*
381 1734 552 1822 luxuriae,
575 1731 781 1804 introducta
801 1733 847 1805 ab
864 1737 1025 1818 exercitu
1043 1734 1216 1822 AsiaticO,
1232 1732 1329 1804 refe-

259 1858 400 1936 runtur.
421 1847 588 1941 Ligures,
608 1845 830 1940 quicumque
850 1847 937 1924 citra
955 1845 1187 1942 Apenninum
1206 1858 1327 1927 erant,

259 1953 400 2027 subacti
418 1968 513 2025 sunt.
536 1953 785 2043 Bacchanalia,
806 1971 947 2030 sacrum
974 1979 1131 2052 graecum
1159 1968 1196 2026 et
1219 1953 1328 2052 [qui-

259 2062 368 2161 dem]
399 2080 641 2154 nocturnum,
671 2065 847 2136 scelerum
879 2061 1042 2136 omnium
1074 2065 1327 2150 seminarium,

260 2198 377 2272 quum
393 2173 437 2246 ad
451 2175 605 2272 ingentis
620 2173 734 2246 turbae
749 2175 1036 2270 conjurationem
1050 2176 1291 2272 pervenisset,
1306 2199 1327 2244 a

207 2343 208 2348 ,
259 2285 409 2360 consule
423 2285 704 2382 investigatum,
729 2300 766 2356 et
789 2286 987 2358 multorum
1010 2308 1121 2382 poena
1144 2282 1326 2354 sublatum

260 2408 325 2466 est.
344 2398 373 2465 A
394 2382 605 2465 censoribus
624 2399 665 2465 L.
685 2394 829 2472 Valerio
847 2395 973 2466 Flacco
992 2407 1029 2465 et
1047 2399 1094 2465 Μ.
1114 2393 1242 2463 Porcio
1259 2395 1326 2463 Ca-

261 2520 367 2594 tone,
381 2501 522 2588 'etbelli
541 2518 577 2574 et
593 2506 690 2601 pacis
710 2503 847 2576 artibus
863 2507 1019 2576 maximo
1030 2515 1056 2594 ¹,
1071 2517 1193 2574 motus
1207 2518 1262 2574 est
1274 2527 1327 2576 se·

261 2628 350 2684 natu
371 2616 412 2684 L.
437 2614 607 2703 Quintius
631 2614 872 2704 Flamininus,
897 2619 936 2685 T.
963 2615 1103 2706 Quintii
1129 2613 1259 2702 frater,
1281 2639 1325 2685 eo

167 2796 171 2802 .
260 2721 381 2823 quod,
403 2749 519 2822 quum
546 2723 696 2795 Galliam
713 2724 938 2820 provinciam
950 2721 1082 2806 ,consul
1100 2720 1326 2810 obtinuerat,

260 2850 406 2932 rogatus
424 2836 462 2904 in
480 2833 684 2904 convivio'a
701 2833 867 2933 Philippo
884 2840 1017 2921 Poeno,
1037 2857 1147 2932 quem
1165 2831 1325 2919 amabat,

260 2960 380 3015 scorto
400 2943 531 3031 nobili,
549 2944 691 3016 Gallum
710 2944 905 3041 quemdam
922 2968 985 3015 sua
1003 2968 1113 3014 manu
1130 2942 1325 3029 occiderat;

261 3056 353 3141 sive,
371 3069 412 3126 ut
434 3054 583 3153 quidam
607 3052 856 3143 tradiderunt,
875 3078 990 3124 unum
1013 3077 1057 3124 ex
1076 3051 1253 3123 damnatis
1271 3075 1325 3123 se·

261 3168 340 3238 curi
357 3179 600 3264 percusserat,
616 3180 761 3262 rogatus
770 3190 797 3249 ¹a
815 3163 1003 3242 meretrice
1020 3158 1241 3250 Placentina,
1261 3186 1323 3232 eu·

258 3276 318 3372 jus
331 3299 454 3346 amore
470 3273 667 3372 deperibat.
685 3279 807 3347 Exstat
820 3279 858 3346 in
873 3301 958 3348 eum
971 3280 1019 3348 M.
1037 3275 1182 3346 Catonis
1196 3275 1323 3346 oratio.

260 3499 332 3550 etiarn
354 3513 449 3561 semper
467 3497 622 3545 consentiunt
631 3541 634 3553 ,
644 3499 725 3546 Livius
747 3509 772 3546 et
816 3498 959 3564 vesagrium,
974 3510 1021 3548 etc.
1032 3498 1086 3547 vid.
1099 3496 1152 3546 Liv.
1166 3501 1192 3560 1,
1204 3506 1237 3555 4ο
1246 3532 1253 3557 ,
1263 3513 1289 3546 n.
1305 3511 1327 3556 r,

184 3569 186 3574 ,
259 3588 345 3628 auctor
363 3576 429 3641 Epir.
445 3602 481 3612 —
502 3577 582 3637 Quum
598 3587 728 3640 quaestores
744 3575 771 3624 in
814 3577 1325 3643 nbipluraejusmodiexemplareleruntnr.

260 3659 325 3706 bona
337 3656 388 3721 ejus
398 3655 546 3719 possidenda
554 3655 651 3719 publice
660 3655 727 3704 missi
735 3672 771 3704 es·
850 3661 919 3706 Errr.
930 3661 1054 3709 xxm.
1067 3677 1089 3707 1.
1104 3659 1138 3706 Et
1152 3658 1210 3706 betti
1221 3670 1246 3705 et
1257 3659 1325 3723 paeri

259 3748 328 3794 sent,·
340 3733 440 3783 dederat
456 3734 582 3798 Sigonius,
594 3749 668 3797 quum
678 3746 772 3798 praetor
815 3737 908 3786 artibus
924 3738 1033 3786 maximo
1041 3755 1053 3795 ;
1071 3737 1130 3786 libri
1146 3735 1271 3786 habebant
1287 3738 1327 3784 uir

260 3828 403 3879 quaereres,
421 3825 467 3868 etc.
482 3812 529 3862 Sed
539 3829 590 3861 vox
598 3825 696 3876 praetor
703 3813 772 3863 abest
814 3829 839 3866 et
855 3818 949 3867 belli...
975 3817 1106 3868 maximus.
1128 3817 1235 3865 Mutavit
1256 3818 1326 3882 Sigo-

260 3912 274 3942 a
285 3893 355 3941 libris
367 3908 430 3957 quos
442 3892 525 3940 videre
535 3893 646 3941 Gronov.
660 3904 684 3942 et
695 3895 770 3966 Drak.
815 3897 885 3955 nius,
895 3907 926 3944 ut
943 3897 980 3946 hae
991 3896 1075 3945 laudes
1088 3898 1116 3944 in
1129 3898 1262 3960 Catonem,
1276 3911 1325 3943 non

260 3976 341 4036 ittaque
356 3972 539 4034 edidere,qnae
559 3988 625 4020 nunc
643 3973 770 4037 vulgatur,
813 3977 839 4022 in
860 3978 887 4023 L.
908 3977 1038 4038 Quintium
1058 3976 1187 4034 caderent,
1210 3988 1234 4024 et
1248 3975 1325 4023 edidit

261 4051 399 4101 lectionem.
412 4057 459 4102 En.
814 4053 909 4101 viro...
930 4055 1048 4103 maximo.
1067 4055 1115 4103 Sed
1131 4055 1188 4102 viro
1208 4055 1334 4104 omittunt.

298 4130 321 4176 3.
348 4131 404 4176 Non
429 4131 501 4178 ruodo
520 4149 572 4179 non
596 4134 630 4180 in.
643 4133 672 4180 iis
695 4135 769 4181 ullum
813 4133 922 4198 plerique
936 4133 1008 4182 codd.
1023 4132 1089 4197 apud
1102 4133 1176 4182 Drak.
1190 4137 1235 4183 Eu.
