2984 4706
222 397 286 496 2322
299 399 347 505 222:
370 419 455 485 un.
482 420 604 485 xnrv.
632 420 727 486 car.
756 421 934 487 xxxva.
962 424 1155 491 xxxvia.
1188 423 1255 506 243

194 561 277 608 inor
301 536 532 632 ululatusque
555 539 592 607 in
621 541 743 608 castris
764 539 1003 610 Macedonum
1026 540 1113 630 fuir,
1140 543 1257 616 donec

195 648 282 717 luna
300 649 336 715 in
355 670 454 716 suam
476 647 593 717 lucem
611 650 763 718 emersit.
785 653 931 720 Postero
950 649 1006 721 die
1028 667 1147 723 tantus
1167 657 1259 725 utri·

196 781 268 853 que
290 755 397 827 ardor
421 756 593 827 exercitui
620 756 663 826 ad
688 758 976 827 concurrendum
1000 758 1135 849 suerat,
1161 777 1201 832 ut
1223 778 1258 833 et

196 890 318 962 regem
334 881 370 936 et
384 865 568 936 consulem
584 891 733 937 suorum
748 866 913 962 quidam,
931 868 1030 964 quod
1045 871 1120 940 sine
1134 872 1258 969 praelio

197 976 392 1050 discessum
417 990 530 1061 esset,
555 991 774 1046 accusarent.
801 978 888 1073 Regi
910 993 1078 1075 prompta
1098 978 1258 1052 defensio

198 1081 310 1171 erat⁶,
332 1110 406 1154 non
428 1109 469 1155 eo
492 1084 630 1172 solum,
650 1083 750 1181 quod
774 1084 885 1155 hostis
908 1087 1023 1182 prior,
1046 1102 1168 1183 aperte
1189 1114 1259 1186 pu-

198 1219 305 1292 gnam
335 1194 557 1281 detrectans,
588 1195 626 1262 in
655 1207 768 1263 castra
800 1195 919 1290 copias
951 1195 1172 1280 reduxisset;
1197 1199 1258 1269 sed

199 1304 321 1386 etiam,
337 1300 436 1398 quod
451 1327 495 1372 eo
511 1300 592 1372 loco
605 1304 702 1405 signa
721 1305 980 1387 constituisset,
1000 1330 1073 1402 quo
1087 1306 1259 1402 phalanx,

199 1436 307 1508 quam
330 1411 494 1481 inutilem
521 1410 577 1481 vel
600 1409 789 1481 mediocris
807 1413 975 1508 iniquitas
993 1412 1062 1484 loci
1079 1413 1260 1501 efficeret,

199 1522 404 1617 promoveri
428 1545 502 1589 non
528 1535 659 1616 posset.
688 1520 822 1590 Consul
843 1519 887 1590 ad
912 1523 969 1606 id,
995 1523 1119 1619 quod⁷
1145 1525 1260 1622 pridie

200 1631 466 1727 praetermisisse
484 1628 669 1726 pugnandi
688 1633 912 1700 occasionem
929 1631 1134 1718 videbatur,
1157 1650 1193 1704 et
1210 1636 1263 1705 lo-

200 1763 283 1811 cum
306 1738 445 1810 dedisse
470 1739 587 1824 hosti,
611 1741 640 1810 si
662 1754 767 1808 nocte
790 1738 887 1809 abire
907 1740 1034 1828 vellet,
1059 1758 1147 1814 tunc
1168 1770 1260 1840 quo-

200 1873 273 1944 que
288 1873 353 1944 per
368 1849 522 1945 speciem
540 1846 747 1918 immolandi
766 1862 882 1918 terere
898 1849 1085 1921 videbatur
1100 1841 1261 1950 tempus,

200 1984 315 2055 quum
329 1960 408 2029 lnce
422 1961 535 2055 prima
549 1961 689 2054 signnm
699 1961 923 2055 propositum
936 1985 1066 2057 pugnae
1078 1962 1122 2030 ad
1134 1989 1263 2034 exeun·
1295 2029 1297 2033 .

200 2069 288 2140 dum
306 2071 342 2138 in
361 2069 472 2138 aciem
491 2067 624 2138 luisset.
649 2071 766 2138 Tertia
790 2067 937 2138 demum
961 2069 1065 2156 hora,
1089 2073 1260 2144 sacrificio

202 2179 269 2247 rite
297 2190 528 2274 perpetrato,
554 2175 598 2244 ad
626 2166 813 2247 consilium
844 2177 1029 2265 vocavit⁸;
1058 2197 1165 2278 atque
1191 2183 1261 2272 ibi,

201 2285 302 2381 quod
319 2286 371 2354 rei
389 2285 552 2381 gerendae
571 2298 713 2382 tempus
735 2301 847 2373 esset,
871 2288 1055 2383 loquendo
1077 2293 1263 2363 et'intem·

202 2397 337 2492 pestive
359 2393 594 2468 consultando
614 2393 803 2465 videbatur
826 2395 1041 2491 quibusdam
1065 2401 1260 2472 extrahere.

203 2509 285 2574 Post
301 2527 484 2574 sermones
502 2518 621 2574 tamen
641 2506 765 2574 consul
784 2509 983 2575 orationem
997 2506 1140 2578 habuit.

249 2618 442 2684 XXXVIII.
460 2617 526 2682 «P.
543 2615 685 2699 Nasica,
707 2603 868 2710 egregius
887 2616 1110 2701 adolescens,
1129 2645 1172 2688 ex
1188 2648 1263 2691 om·

202 2756 219 2790 a
234 2722 340 2794 nibus
367 2747 482 2804 unuS,
506 2722 638 2817 quibus
665 2723 833 2795 hesterno
861 2723 918 2794 die
941 2729 1092 2821 pugnari
1110 2729 1262 2824 placuit,

204 2833 428 2920 «denudavit
445 2832 533 2900 mihi
556 2857 660 2902 suum
682 2833 916 2902 consilium1:
940 2834 1036 2903 idem
1054 2850 1196 2930 postea,
1216 2841 1264 2910 ita

203 2973 220 3007 «
234 2958 275 3012 ut
292 2941 457 3012 transisse
477 2943 514 3009 in
541 2944 750 3011 sententiam
774 2966 889 3011 meam
912 2941 1023 3010 videri
1045 2960 1186 3040 posset,
1210 2960 1260 3016 ta-

204 3083 221 3118 «
236 3053 318 3122 cuit.
345 3048 571 3139 Quibusdam
599 3049 672 3118 aliis
692 3049 877 3120 absentem
900 3075 1046 3146 carpere
1069 3054 1261 3149 imperato-

242 3283 267 3328 6.
279 3285 379 3329 Postero
398 3282 437 3329 die
451 3273 546 3342 (tuntas
562 3279 657 3343 tetrique
673 3295 713 3326 ar·
757 3279 813 3325 vide
825 3279 890 3335 adl,
909 3279 954 3334 54,
967 3296 991 3327 n.
1005 3295 1031 3336 1;
1048 3282 1087 3338 11,
1103 3281 1147 3338 55,
1158 3299 1182 3328 n.
1195 3283 1224 3340 6,
1238 3295 1263 3330 et

206 3359 290 3408 dor...
309 3364 463 3422 accusarent)
474 3361 528 3424 regi
541 3370 655 3424 prompta
672 3359 713 3404 de-
757 3358 874 3415 vl11‚0‚
889 3375 916 3405 n.
936 3361 959 3404 6.
975 3361 1037 3405 Mox
1051 3359 1113 3406 forte
1123 3361 1171 3423 leg.
1189 3373 1262 3425 atque

198 3438 283 3502 sensio
296 3451 368 3487 erat:
381 3442 414 3488 ita
429 3441 491 3487 forte
504 3437 713 3500 distinguendum
758 3436 792 3483 ibi
804 3451 911 3499 quoque,
924 3435 992 3499 qaod
1000 3437 1037 3482 rei
1045 3438 1159 3501 gerenda
1170 3451 1261 3502 tempus

207 3517 281 3564 Drak.
295 3519 345 3566 Aut
358 3518 405 3580 leg.
414 3516 470 3580 fait
483 3533 529 3581 pro
533 3517 634 3582 siceram·
648 3515 712 3564 Duk.
758 3525 818 3561 esset
831 3515 869 3560 vel
885 3525 949 3570 erat,
966 3527 990 3562 et
1004 3514 1091 3563 deinde
1106 3517 1203 3563 tandem
1216 3534 1261 3582 pro

208 3597 300 3642 -Non
311 3613 339 3643 eo
350 3597 427 3644 solam
434 3615 444 3653 ‚-
455 3597 510 3644 vide
520 3596 550 3644 ad
560 3600 586 3653 I,
601 3611 641 3653 11,
651 3611 676 3642 n.
687 3598 712 3643 o'.
758 3605 852 3648 tamen,
863 3593 910 3638 nisi
921 3590 968 3639 hoc
981 3593 1011 3639 ab
1023 3594 1111 3642 omisso
1121 3611 1263 3659 quanquam

245 3689 268 3732 7.
280 3674 370 3722 Consul
381 3673 417 3720 ad
428 3674 456 3720 id
463 3675 531 3736 quod
535 3709 544 3731 ,
557 3685 604 3736 etc.
617 3672 674 3720 vide
684 3673 715 3720 ad
758 3669 864 3736 pendet3
881 3670 955 3717 Drak.
971 3671 1044 3720 Cous.
1062 3673 1129 3730 adl,
1143 3689 1186 3729 ra,
1198 3683 1223 3722 n.
1241 3690 1262 3721 1.
1275 3732 1288 3740 f

208 3755 245 3808 11,
267 3753 314 3808 23,
328 3769 353 3800 n.
374 3752 397 3798 3.
407 3751 486 3798 Verba
505 3769 575 3814 seqq,
591 3752 624 3797 ita
642 3752 715 3798 inter·
762 3751 844 3796 Talem
859 3759 996 3813 protamen
1012 3741 1077 3808 conj}
1090 3751 1169 3798 Roell.
1182 3754 1263 3815 Atque

209 3831 339 3894 pungenda
356 3830 458 3894 putabat
473 3830 546 3877 Drak.
561 3814 635 3875 terere
649 3829 715 3876 ride·
760 3828 794 3875 ibi
803 3827 1061 3891 quoquereigereadoe
1070 3839 1161 3891 tempus
1170 3831 1265 3892 loquen-

210 3897 290 3956 banar‘
303 3921 404 3973 tempas.
428 3910 505 3970 Quum
525 3910 577 3955 Ince
593 3909 711 3970 prima...
761 3907 792 3952 do
806 3917 829 3952 et
843 3905 859 3952 i.
878 3904 980 3954 aviam
990 3922 1013 3968 q.
1031 3918 1264 3968 e.,postsermones

202 3987 307 4051 ficisset,
320 3987 393 4034 tertia
406 3987 515 4042 demam,
532 3998 577 4034 etc.
760 3985 824 4031 hanc
834 3983 919 4030 consul
930 4001 952 4032 ο,
965 3983 988 4030 lr.
1000 3985 1077 4032 Gran.

247 4069 270 4115 8.
283 4065 408 4134 Sacrificio
423 4065 468 4112 rice
479 4076 618 4129 perpetrato
633 4065 716 4127 (conl.
796 4063 856 4109 Car.
871 4063 1014 4108 XXXVIII.
1028 4076 1051 4108 1.
1062 4063 1267 4112 Denudavitmilri

212 4148 274 4195 Plut.
294 4147 311 4194 l.
334 4143 385 4209 l.),
403 4144 439 4192 ad
457 4143 582 4191 consilium
605 4143 718 4198 vocarit,
762 4140 965 4196 consilium,·vid.
976 4141 1197 4202 xxxl11‚21,n.
1209 4147 1235 4190 6.

1070 4225 1120 4295 16.

426 4319 440 4357 Χ
