2966 4708
246 289 316 388 566
638 319 908 390 excursus

243 441 421 520 habuisset,
436 434 643 526 sedServllio
661 441 770 504 forsan
784 441 868 503 latus
884 455 941 502 aut
958 455 1086 529 tergum
1102 443 1307 535 praebuisset,

241 543 297 628 qui
320 542 458 603 Arimini
481 542 593 603 stativa
616 541 768 622 habebat,
791 549 824 604 'et
851 563 964 628 quem,
988 542 1164 628 quominus
1187 546 1306 610 Poenos

240 645 349 733 paucis
368 642 482 706 diebus
499 653 733 729 assequeretur,
747 641 835 712 nihil¹
844 639 1021 705 admodum
1036 643 1238 730 prohibebat.

284 745 313 808 Ii
328 759 437 807 autem
451 759 610 823 auctores,
624 741 744 806 idcirco
761 765 837 806 sane
858 759 1064 825 erraverunt,
1078 743 1185 831 quod,
1198 769 1303 833 quum

241 845 403 908 diceretur
421 844 581 908 Hannibal
603 865 783 931 permeasse
798 842 952 931 paludes,
978 843 1058 909 dum
1082 846 1248 910 festinaret
1269 846 1303 908 in

242 931 419 1019 Etruriam,
446 967 498 1008 eas
517 945 650 1032 paludes
667 960 755 1008 extra
771 944 933 1008 Etruriam
950 945 1024 1009 sitas
1043 969 1112 1011 esse
1129 945 1247 1012 debere
1264 969 1305 1010 ex

241 1069 280 1111 eo
297 1048 506 1135 collegerunt,
515 1069 622 1135 neque
638 1049 672 1109 in
688 1069 725 1110 ea
741 1046 907 1134 provincia
922 1048 1005 1111 circa
1017 1045 1153 1112 fluvium
1164 1049 1303 1129 Arnum,

241 1149 297 1214 sed
313 1151 347 1212 in
365 1149 467 1214 Gallia
483 1150 642 1238 Cisalpina
658 1171 750 1214 secus
766 1146 913 1228 Padurn,
931 1171 999 1213 esse
1016 1150 1213 1237 quaerendas.

286 1251 367 1332 Qum
375 1250 505 1338 quidem
520 1251 650 1316 videtur
659 1249 824 1315 Strabonis
835 1249 934 1314 fuisse
943 1253 1111 1333 sententia,
1120 1253 1176 1340 qui
1182 1251 1301 1342 Geogr.

242 1352 296 1415 lib.
311 1352 350 1431 V,
375 1375 456 1438 219,
478 1354 522 1416 ait
547 1354 645 1418 fuisse
664 1353 741 1416 olim
764 1373 865 1439 prope
891 1352 1104 1434 Placentiam,
1127 1353 1216 1434 juxta
1239 1353 1302 1417 Pa·

241 1451 337 1534 dum,
376 1452 508 1540 paludes
534 1454 568 1517 in
598 1455 716 1542 quibus
741 1451 917 1540 plurimum
943 1453 1103 1517 Hannibal
1130 1453 1301 1528 laboravit,

242 1571 354 1640 petens
371 1555 545 1619 Etruriam.

284 1654 341 1716 Vir
359 1653 474 1719 doctus
499 1655 594 1719 nobis
614 1655 679 1734 jam
705 1677 800 1743 supra
817 1671 1014 1720 memoratus
1033 1655 1202 1735 Gucz'zesi,
1224 1655 1302 1719 huic

239 1755 385 1842 opinioni
403 1755 447 1818 ita
464 1773 560 1820 tenax
577 1755 726 1841 adhaesit,
748 1775 785 1822 ut
805 1758 895 1824 Arni
908 1759 982 1823 loco
1003 1757 1132 1822 Padum
1152 1773 1208 1820 aut
1222 1757 1300 1820 Eri·

239 1855 361 1918 danum
378 1856 528 1943 supplere
547 1856 699 1942 voluerit,
721 1877 778 1924 aut
795 1864 892 1928 etiam
912 1861 1049 1935 verbum
1066 1857 1147 1923 illud
1164 1857 1301 1921 omnino

239 1957 363 2037 delere,
383 1956 458 2020 licet
475 1958 508 2019 in
535 1958 688 2023 omnibus
711 1963 894 2045 codicibus,
912 1985 995 2051 quos
1015 1977 1072 2024 aut
1094 1982 1151 2048 per
1172 1981 1223 2039 se,
1244 1973 1302 2021 aut

238 2082 295 2146 per
310 2060 388 2122 alios
417 2077 631 2147 cognoverat,
657 2080 821 2150 repertum
845 2081 936 2129 esset.
962 2061 1057 2150 (Vid.
1078 2057 1242 2124 Me'moirer
1263 2059 1302 2122 de

238 2159 367 2222 l’Acad.
381 2159 420 2221 de
439 2159 590 2238 Cottone,
612 2162 648 2223 V
642 2164 663 2226 I
665 2211 675 2241 ,
688 2187 724 2251 p.
741 2187 782 2249 29
796 2181 829 2229 et
843 2165 916 2252 30.)
1299 2163 1301 2168 ’

281 2262 328 2323 Ex
347 2260 483 2346 Polybio
506 2276 613 2324 autem
638 2264 709 2350 ipso
731 2281 836 2352 patet,
863 2264 1041 2343 Etruriam,
1066 2284 1131 2348 quo
1153 2276 1299 2347 tempore

238 2360 412 2440 scrihebat,
444 2360 543 2424 fluvio
571 2364 662 2426 Arno
692 2389 710 2428 a
740 2367 869 2456 Liguria
898 2363 1148 2428 discriminatam
1177 2361 1297 2426 l'uissc:

237 2484 353 2550 nempe
370 2462 483 2525 huicce
499 2463 641 2552 regioni,
672 2465 844 2530 occiduum
861 2467 961 2531 solem
974 2487 1095 2546 versus,
1106 2462 1212 2545 PisaS,
1226 2485 1299 2550 quae

235 2566 336 2652 prima
356 2564 434 2626 urbs
457 2579 505 2627 est
525 2565 678 2647 Etruriae,
700 2567 927 2655 Arretiumque
948 2588 1062 2655 agrum
1084 2562 1165 2628 fines
1188 2563 1296 2626 fuisse.

235 2668 390 2755 Ligurum
410 2683 537 2748 autem,
562 2668 699 2731 Luccam
723 2685 861 2757 tumque
882 2683 915 2732 et
932 2668 990 2731 diu
1009 2667 1110 2730 fuisse
1130 2679 1239 2752 postea
1257 2683 1297 2728 ex

235 2768 284 2831 his
301 2776 427 2831 constat
442 2768 590 2831 Frontini
609 2769 732 2834 verbis:
748 2801 760 2826 «ι
779 2770 941 2835 Domitius
959 2767 1108 2832 Calvinus
1129 2763 1297 2829 obsidebat

233 2868 351 2930 Lucam
376 2866 533 2956 oppidum
557 2869 747 2958 Ligurum.»
773 2871 859 2958 (Lib.
889 2873 954 2951 111,
983 2892 1051 2957 cap.
1082 2867 1134 2955 a.)
1157 2867 1295 2931 ³Caesar‘is

233 2985 341 3032 autem
359 2969 392 3031 in
414 2970 579 3058 provincia
599 2971 690 3035 sitam
704 2973 822 3037 Lucam
842 2972 921 3036 dicit
936 2969 1111 3035 Suetonius
1130 2968 1217 3056 (cap.
1228 2967 1295 3055 ad),

234 3070 309 3155 quia
320 3069 482 3160 Liguriam
496 3072 705 3158 provinciam,
718 3074 840 3138 nedum
852 3073 1138 3151 Etruriam,Caesar
1144 3069 1293 3132 habebat.

278 3171 377 3252 Quod
390 3172 417 3234 si
430 3170 581 3261 deinceps
591 3175 706 3238 Strabo
719 3176 908 3263 Pliniusque
919 3173 1122 3238 amniMacra
1132 3171 1295 3236 Etruriam

232 3298 249 3334 a
268 3273 396 3360 Liguria
412 3273 545 3338 divisam
560 3274 726 3358 dixerunt,
740 3276 774 3340 id
786 3299 862 3342 sane
876 3297 979 3340 causae
991 3274 1188 3352 habuerunt,
1205 3271 1296 3358 quod

232 3397 283 3437 eas
306 3374 421 3440 limites
441 3379 626 3466 Augustus,
644 3377 723 3441 dum
746 3377 868 3442 ltaliam
895 3376 1083 3466 partiretur,
1105 3386 1294 3440 mutaverat.

233 3477 322 3559 Quas
364 3477 505 3541 limitum
540 3479 641 3542 varias
676 3479 872 3546 mutationes
910 3476 1095 3546 doctissime
1126 3471 1295 3537 illustravit
1327 3543 1330 3549 ¹

231 3579 409 3643 Cluverius.
1305 3571 1307 3576 ⁵

274 3681 322 3743 Ex
330 3681 380 3744 his
390 3678 542 3742 omnibus
554 3682 709 3767 sequitur,
722 3680 947 3761 Hannibalem,
958 3674 1114 3766 quamdiu
1127 3672 1294 3738 dexteram

229 3783 309 3844 Arni
327 3784 428 3870 ripam
452 3796 609 3874 sequutus
626 3800 693 3863 est,
716 3784 750 3846 in
775 3783 905 3847 Etruria
928 3802 995 3844 non
1016 3791 1085 3842 esse
1107 3788 1292 3838 versatum:

229 3882 391 3946 Etruriam
407 3884 547 3971 petebat,
564 3885 597 3946 in
613 3907 709 3972 quam
727 3907 786 3972 per
803 3907 859 3948 eos
876 3901 1007 3970 campos
1025 3875 1216 3967 penetravit,
1233 3871 1294 3960 qui

227 3981 312 4044 inter
326 3981 460 4047 fluvium
472 4001 505 4047 ct
515 3986 677 4049 Arretium
691 3987 813 4066 jacent,
832 4007 938 4072 neque
954 3981 1091 4046 fluvium
1111 3977 1177 4068 ullo
1194 3971 1294 4038 modo

227 4081 365 4162 trajecit,
383 4099 438 4146 aut
452 4100 531 4148 tunc
545 4087 686 4173 primum
698 4086 834 4172 trajecit,
850 4109 955 4173 quum
970 4082 1110 4148 Faesulas
1120 4079 1291 4164 linqueret.
