2976 4712
502 344 774 412 LIBRORUM
800 341 941 410 LIVII.
1181 343 1247 436 407

192 489 320 542 norum
341 464 475 535 ducum
494 464 625 534 navalis
646 465 801 546 victoriae
818 460 920 532 duxit
939 461 1173 559 triumphum.
1192 461 1250 535 Ob

192 597 301 668 quam
320 596 462 642 causam
478 573 511 642 ei
528 585 723 668 perpetuus
737 571 854 644 honos
871 568 1041 642 habitus³
1056 586 1127 658 est,
1143 586 1184 642 ut
1197 597 1250 644 re-

191 682 345 754 vertenti
360 705 379 751 a
396 704 518 766 coena,
532 669 679 752 tibicine
694 695 862 767 canente,
876 678 996 753 funale
1010 681 1248 778 praeferretur.

191 792 231 857 L.
259 788 447 860 Cornelius
471 789 622 860 consull
648 792 685 860 in
710 791 870 862 Sardinia
899 804 934 860 et
960 792 1103 892 Qorsica
1127 807 1252 864 contra

192 898 320 968 Sardos
339 912 375 969 et
393 903 523 969 Corsos
543 913 579 968 et
600 904 813 990 Hannonem
833 905 1028 970 Poenorum
1051 900 1181 972 ducem
1202 901 1251 974 fe-

193 1004 305 1077 liciter
332 1009 513 1106 pugnavit.
543 1009 669 1080 Atilius
698 1010 878 1082 Calatinus
904 1011 1051 1096 consul,
1079 1036 1192 1107 quum
1214 1013 1251 1082 in
1300 998 1305 1004 ⁶

192 1114 310 1190 locum
323 1107 506 1217 iniquum,
521 1119 671 1192 aPoenis
684 1121 971 1211 circumsessum,
982 1136 1118 1216 *temere
1132 1121 1257 1192 duxisff

193 1243 246 1298 set
262 1233 476 1318 exercitum,
493 1236 540 1302 Μ.
564 1232 749 1328 Calpurnii
769 1231 905 1306 tribuni
923 1227 1103 1325 militum⁵
1123 1233 1253 1306 virtute

193 1353 228 1409 et
239 1363 348 1436 opera
360 1343 469 1416 euasit
483 1369 490 1411 :
505 1344 568 1438 qui
579 1397 588 1424 ,
601 1367 684 1414 cum
698 1343 867 1414 trecentis
879 1341 1051 1422 militibus
1064 1343 1252 1439 eruptione

193 1445 303 1535 facta,
322 1449 442 1522 hostes
465 1453 501 1521 in
524 1477 561 1524 se
583 1466 818 1531 converterat.
842 1450 1018 1522 Hannibal
1032 1450 1111 1522 dux
1128 1457 1254 1543 Poeno·

192 1583 273 1628 rum
292 1562 385 1632 victa
411 1561 542 1646 classe,
569 1564 626 1631 cui
650 1559 858 1660 praefuerat,
882 1586 902 1632 a
927 1559 1100 1630 militibus
1122 1560 1254 1631 suisin

192 1692 334 1740 crucem
357 1670 518 1742 sublatus
541 1687 604 1742 est.
630 1671 757 1742 Atilius
780 1669 938 1767 Regulus
963 1669 1090 1740 consul
1101 1665 1128 1752 ⁶,
1155 1668 1254 1762 victis

190 1779 306 1862 navali
322 1782 445 1877 praelio
461 1783 602 1867 Poenis,
622 1785 660 1854 in
680 1779 832 1853 Africam
853 1780 1001 1873 trajecit.
1045 1803 1047 1808 ·

437 2023 663 2091 nri'rouu
692 2023 831 2090 nium
859 2023 1003 2092 xviu.

242 2227 364 2296 Atilius
389 2229 546 2326 Regulus
571 2232 608 2298 in
638 2229 754 2300 Alrica
780 2241 1006 2326 serpentem¹
1036 2244 1252 2326 portentosae

190 2339 443 2432 magnitudinis
465 2363 695 2434 cummagna
716 2340 871 2410 militum
899 2338 998 2410 clade
1024 2338 1176 2424 occidit,
1197 2355 1252 2426 et,

192 2471 306 2542 quum
327 2449 465 2545 aliquot
489 2449 617 2546 praeliis
640 2447 734 2519 bene
757 2449 925 2519 adversus
945 2448 1252 2545 Carthaginienses

105 2599 110 2609 ·
191 2574 402 2656 pugnasset,
419 2583 674 2654 successorque
694 2559 726 2628 ei
742 2584 761 2626 a
778 2573 903 2628 senatu
922 2581 1093 2654 prospere
1116 2556 1253 2626 bellum

191 2668 329 2761 gerenti
344 2691 419 2736 non
441 2668 654 2749 mitteretur,
671 2666 707 2735 id
727 2667 846 2762 ipsum
866 2691 930 2762 per
950 2665 1068 2746 literas
1088 2665 1132 2735 ad
1154 2689 1252 2736 sena-

191 2791 270 2844 tum
283 2778 404 2845 missas
417 2789 564 2870 questus
576 2790 637 2846 est.
654 2780 695 2844 In
711 2774 845 2872 quibus
862 2777 954 2845 inter
968 2798 1091 2844 causas
1105 2773 1252 2871 petendi

227 2993 252 3038 3.
265 2992 298 3038 Ei
304 3003 433 3054 perpetuus
442 2991 517 3038 honos
529 2991 636 3046 liabitas,
650 3003 697 3038 etc.
746 2990 871 3054 Calpurnii
881 2991 936 3038 trib.
952 2989 1003 3037 mil.
1021 3001 1068 3038 eto.
1080 2989 1137 3036 vide
1156 2988 1188 3037 ad
1201 2991 1252 3038 Liv.

192 3071 286 3134 abipso
297 3070 380 3134 potius
388 3072 496 3135 prIvato,
508 3071 603 3116 nemine
614 3069 699 3133 probi·
744 3071 833 3130 XXII,
851 3070 898 3124 60,
916 3087 942 3116 n.
954 3085 976 3129 7.

192 3150 276 3208 home,
289 3159 413 3213 sumptus,
427 3149 448 3196 si
457 3147 518 3196 fides
528 3147 640 3194 habenda
653 3147 704 3196 ca:
778 3149 803 3194 6,
824 3147 850 3195 C.
869 3148 958 3196 Atilius
971 3147 1074 3212 Regulus
1092 3149 1208 3196 consula.
1219 3149 1250 3198 U.

193 3229 245 3276 toni
258 3228 325 3292 apud
341 3229 392 3278 Cio.
407 3228 438 3276 de
451 3230 508 3276 Sen.
524 3228 563 3274 13.
582 3227 654 3276 Coos.
668 3225 699 3272 ad
743 3227 802 3289 495,
816 3243 889 3290 quem
906 3227 937 3274 de
953 3227 1033 3274 Poenis
1046 3226 1155 3273 naualem
1169 3229 1252 3276 tuum-

193 3309 234 3355 Sil.
247 3310 264 3357 l.
275 3309 293 3356 l.
305 3308 367 3357 Plin.
377 3307 501 3364 XXXIV,
512 3306 539 3365 53
549 3305 615 3353 Flor.
624 3307 662 3362 11,
670 3321 698 3362 2,
742 3303 818 3368 phum
831 3307 922 3369 egisse,
931 3306 995 3358 Fasti
1007 3305 1111 3368 Capitol.
1123 3317 1147 3354 et
1156 3308 1251 3354 Trium-

191 3385 509 3451 §103ibiquelreinsh.et
522 3381 698 3432 nuh-Tibi·
742 3383 825 3447 phales
833 3383 942 3431 docent:
960 3395 985 3431 at
998 3384 1024 3430 in
1039 3383 1105 3446 Epit.
1117 3387 1205 3432 XVIII
1212 3403 1250 3448 pr.
1336 3412 1338 3421 ι

192 3465 245 3513 eine
256 3477 369 3520 canente,
374 3464 465 3530 funale
469 3461 635 3528 preferretur.
647 3464 699 3510 An·
742 3462 821 3528 agitur
829 3462 860 3510 de
872 3464 908 3511 M.
921 3463 999 3510 Atilio
1012 3461 1108 3524 Regulo
1124 3478 1174 3510 cos.
1185 3480 1208 3510 a.
1220 3465 1250 3512 U.

193 3554 230 3591 tea
246 3543 371 3606 legebatur
387 3541 494 3590 tibicines
505 3553 622 3588 currerent
632 3539 702 3603 etsie-
746 3541 812 3602 4963
832 3541 906 3589 Drak.
925 3542 1003 3588 Hune
1015 3557 1074 3588 vero
1091 3540 1121 3588 in
1139 3541 1251 3606 Africana

192 3623 249 3670 nule
255 3621 411 3686 praeferretur
416 3633 540 3677 ;nostram
549 3619 700 3687 lectioneme
745 3618 865 3685 trajecisse
878 3630 990 3678 constat,
1010 3635 1061 3666 non
1083 3619 1161 3668 illum.
1182 3624 1252 3668 Forte

194 3713 273 3748 uetere
286 3700 350 3747 libro
364 3701 427 3747 eruit
442 3699 562 3762 Sigonius.
577 3696 699 3746 Utrolibet
742 3714 786 3752 eos
798 3698 910 3746 confudit
920 3709 1005 3746 auctor
1017 3698 1081 3761 Epir.

194 3791 274 3828 temen
287 3778 387 3842 ¹legatur
404 3777 496 3835 modo,
521 3791 607 3842 parum
624 3775 698 3826 inter-
733 3814 736 3823 .
778 3779 847 3824 Ertr.
859 3779 955 3824 XVIII.
968 3793 988 3823 1.
1007 3775 1096 3824 Atilius
1106 3777 1209 3841 Ilegulus
1226 3778 1252 3840 in

194 3869 236 3906 est.
249 3859 295 3904 En.
374 3911 377 3918 Ι
413 3891 415 3894 -
745 3854 829 3920 Africa
848 3867 994 3918 serpentem,
1017 3865 1063 3902 etc.
1081 3853 1136 3902 vide
1155 3855 1249 3921 ldffl·

230 3944 254 3990 r..
274 3939 302 3981 L.
319 3934 552 3989 Corndimwnsul,
569 3943 614 3980 etc.
630 3935 696 3982 conl.
742 3937 795 3991 VI,
819 3934 943 3990 raa-3023
963 3933 1087 3998 Gell.Vl‚
1112 3932 1145 3990 33
1168 3933 1248 4000 Valer.

194 4015 418 4075 zonar.vl11,11.
743 4011 1186 4074 Maxim.1,e‚§19;1³lin.v11t,
1207 4022 1253 4071 143

230 4095 253 4142 5.
270 4091 359 4142 Atilius
373 4091 498 4138 Calatinus
512 4092 700 4139 cornul.....ll.
745 4091 808 4138 Flor.
819 4093 890 4149 11,2.
