2984 4706
216 375 240 412 Α.
252 373 278 412 C·
292 373 337 423 169-

217 435 336 478 ,effi
432 395 585 464 nrnnn
616 395 753 466 xnrv.
782 397 886 464 car.
913 398 1022 464 xrn.
1181 402 1248 496 193

190 513 457 584 in-Thessaliam
474 515 604 611 vergit,
624 528 830 611 opportune
847 515 1039 586 imminens
1058 542 1165 616 super
1182 525 1249 592 De-

189 623 401 693 metriadem
412 633 436 692 ¹.
460 623 599 692 Primus
617 625 789 694 adventus
807 622 964 694 hostium
981 627 1135 721 perculit
1149 629 1251 700 inco·

190 733 242 803 las
266 732 365 802 loci:
390 731 548 804 collectis
573 731 703 803 deinde
725 757 769 802 ex
790 733 1004 828 necopinato
1023 759 1157 831 pavore
1178 741 1251 808 ani·
1293 808 1298 828 Ι

192 843 281 928 mis,
300 841 506 912 discurrunt
526 843 651 912 armati
669 841 714 912 ad
733 857 854 938 portas
877 865 918 912 ac
938 845 1091 931 moenia,
1110 871 1181 941 qua
1197 871 1253 918 su·

191 954 306 1050 specti
329 953 445 1023 aditus
465 967 584 1038 erant,
606 976 779 1048 spemque
800 951 1006 1048 extemplo²
1027 953 1253 1045 inciderunt,

192 1063 273 1159 capi
299 1063 418 1160 primo
442 1063 579 1159 impetu
594 1079 719 1158 posse.
748 1059 898 1131 Obsidio
922 1063 1030 1158 igitur
1049 1063 1255 1160 parabatur,

181 1187 231 1242 'et
245 1193 356 1268 opera
373 1173 684 1269 oppugnationum
707 1169 785 1242 fieri
808 1185 936 1267 coepta.
958 1175 1124 1260 Perseus,
1142 1197 1256 1268 quum

193 1278 369 1365 audisset,
391 1279 496 1350 simul
520 1278 725 1350 Meliboeam
744 1303 764 1350 a
783 1279 940 1350 consulis
958 1281 1118 1352 exercitu
1137 1307 1257 1380 oppu-
1331 1277 1333 1284 '

190 1391 312 1486 gnari,
327 1390 432 1460 simul
447 1389 593 1460 classem
609 1389 697 1459 Iolci
712 1405 821 1478 stare,
839 1406 880 1460 ut
895 1389 979 1460 inde
993 1393 1258 1462 Demetriadem

196 1499 460 1596 aggrederetur,
492 1498 762 1595 Euphranorem
796 1499 990 1594 quemdam
1025 1524 1070 1570 ex
1107 1499 1260 1571 ducibus

195 1633 280 1680 cum
296 1607 441 1680 delectis
455 1607 598 1678 duobus
612 1606 770 1678 millibus
783 1607 988 1684 Meliboeam
1003 1609 1122 1680 mittit.
1134 1610 1259 1681 Eidem

197 1722 434 1817 imperatum,
454 1733 512 1804 ut,
534 1719 563 1789 si
581 1742 601 1788 a
618 1717 781 1788 Meliboea
799 1717 1039 1790 submovisset
1059 1725 1260 1804 Romanos,

170 1817 172 1823 ⁸
197 1827 461 1900 Demetriadem
478 1829 579 1925 prius
597 1827 740 1898 occulto
759 1828 885 1899 itinere
904 1831 1072 1914 intraret,
1089 1853 1198 1925 quarn
1217 1828 1262 1900 ab

199 1938 298 2008 Iolco
312 1937 355 2007 ad
371 1935 499 2018 urbem
519 1952 633 2008 castra
650 1953 837 2008 moverent
849 1939 1010 2008 Romani.
1028 1943 1073 2008 Et
1086 1937 1131 2009 ah
1147 1962 1263 2036 oppu-

199 2045 411 2144 gnatoribus
425 2044 615 2132 Meliboeae,
639 2071 754 2143 quum
777 2049 814 2115 in
837 2047 1083 2144 superioribus
1103 2048 1191 2118 locis
1210 2074 1263 2120 re·

200 2171 308 2254 pente
340 2157 586 2254 apparuisset,
617 2179 700 2226 curn
731 2154 967 2252 trepidatione
999 2156 1112 2226 multa
1142 2156 1265 2228 relicta

201 2289 311 2362 opera
332 2281 437 2352 sunt,
456 2267 620 2362 ignisque
639 2265 802 2360 injectus.
828 2271 882 2335 lta
899 2264 1105 2336 aMeliboea
1127 2265 1264 2338 absces-

200 2399 282 2446 sum
308 2389 370 2445 est.
399 2374 628 2471 Euphranor,
655 2373 772 2445 soluta
798 2375 905 2444 unius
930 2374 1032 2445 urbis
1056 2374 1265 2466 obsidione,

202 2482 465 2555 Demetriadem
485 2474 666 2580 extemplo
680 2481 790 2554 ducit.
806 2487 971 2554 Nectum
985 2485 1119 2559 moenia
1137 2484 1265 2573 mod0,

204 2595 264 2667 sed
279 2619 381 2692 agros
393 2595 500 2665 etiam
512 2589 762 2665 confiderunt³
778 2617 814 2663 se
830 2618 848 2662 a
863 2591 1160 2690 populationibus
1172 2599 1266 2667 tueri

204 2729 335 2802 posse:
358 2720 394 2776 et
416 2705 624 2802 eruptiones
649 2704 687 2772 in
713 2727 821 2799 vagos
839 2703 1071 2802 populatores
1097 2729 1171 2776 non
1192 2708 1267 2778 sine

204 2812 413 2886 vulneribus
442 2813 601 2885 hostium
632 2810 730 2884 factae
760 2827 856 2883 sunt.
887 2815 1124 2884 Circumvecti
1147 2832 1267 2886 tamen

205 2925 338 2994 moenia
355 2939 441 2994 sunt
458 2938 588 3022 praetor
607 2937 643 2992 et
661 2947 746 3007 rex,
766 2925 886 2992 situm·
897 2920 998 2994 urbis
1023 2924 1268 3021 contemplan-

204 3050 277 3119 tes,
296 3035 326 3104 si
350 3058 423 3130 qua
444 3048 544 3130 parte
572 3047 708 3102 tentare
737 3047 798 3102 aut
825 3056 934 3128 opere
963 3047 1025 3103 aut
1049 3033 1084 3101 vi
1110 3049 1267 3130 possent.
1340 3122 1343 3126 s

206 3147 312 3212 Fama
321 3139 409 3228 hit,
422 3166 488 3240 per
499 3139 698 3235 Cydantem
711 3143 939 3212 Cretenseml
952 3156 988 3212 et
999 3143 1267 3232 Antimachum,

205 3253 271 3348 qui
292 3251 510 3324 Demetriadi
535 3264 704 3347 praeerat,
724 3265 887 3322 tractatas
906 3251 1000 3322 inter
1015 3256 1215 3325 Eumenem
1233 3269 1269 3324 et

184 3413 189 3421 -
207 3365 334 3432 Persea
347 3361 570 3431 conditiones
583 3361 754 3431 amicitiae.
769 3358 825 3429 Ab
838 3362 1063 3432 Demetriade
1077 3378 1173 3433 certe
1187 3362 1269 3433 abs-

243 3573 305 3620 Car.
315 3571 387 3620 xm.
402 3587 424 3619 1.
437 3574 580 3636 Opportune,
590 3571 715 3620 inminens
759 3586 805 3636 pro
814 3569 898 3636 confisi
905 3580 971 3626 sunt,
981 3580 1009 3616 nt
1017 3568 1112 3636 dffdr't
1118 3571 1183 3634 apud
1191 3571 1269 3632 Quin·

207 3664 280 3712 super
294 3649 489 3707 Demetriadem,¹
510 3650 566 3698 vide
584 3649 616 3697 ad
632 3653 660 3710 1,
682 3667 715 3711 a,
759 3649 797 3698 til.
812 3649 919 3698 Declam.
929 3651 991 3710 287.
1006 3674 1040 3685 -
1050 3651 1127 3712 AEque
1138 3649 1188 3697 dici
1198 3665 1271 3713 posse

210 3729 681 3790 n.3;u1‚51,n.3;xxxl‚46,n.
692 3737 716 3784 l.
761 3727 894 3796 confidiac
911 3728 1014 3796 confisus
1031 3744 1083 3774 snm
1100 3744 1131 3776 ex
1149 3743 1201 3782 uno
1222 3727 1271 3776 hoc

211 3811 250 3855 An
260 3805 404 3854 imminentis
411 3813 424 3852 ‚³
760 3808 817 3856 loco
830 3817 909 3860 tentat
920 3806 1024 3870 probare
1032 3805 1149 3869 Vossius,
1162 3810 1269 3857 Gramm.

246 3901 270 3934 a.
288 3887 405 3950 Spemque
418 3885 538 3948 extemplo
563 3882 717 3940 inciderunt,·
762 3887 795 3945 V,
805 3885 847 3934 26.
856 3887 947 3934 En-
960 3887 1055 3932 Proetor
1064 3895 1089 3932 et
1097 3899 1156 3942 rex,
1169 3885 1272 3935 C.Mar-

213 3964 268 4012 vide
278 3964 309 4011 ad
319 3967 367 4021 III,
382 3979 425 4022 10,
434 3980 459 4012 n.
471 3979 496 4025 9.
763 3965 815 4011 cius
826 3975 852 4012 et
864 3966 990 4012 Enmenes.

250 4041 274 4091 3.
284 4044 363 4106 Agros
371 4041 445 4088 etiam
455 4040 617 4108 confiderunt,
629 4052 676 4089 etc.
686 4058 719 4089 sc.
800 4050 824 4098 4.
836 4045 884 4090 Per
895 4041 1028 4104 Cydantem
1043 4041 1177 4090 Cretensem
1181 4061 1192 4101 ,·
1204 4042 1272 4091 conl.

214 4120 359 4183 Euphranor
383 4131 407 4166 et
432 4121 539 4168 Perseus.
566 4118 723 4187 Confiderunt
766 4119 798 4166 ad
808 4127 906 4186 capnt
923 4131 966 4180 ,et
977 4119 1009 4168 ad
1019 4121 1144 4178 xxxllr,
1159 4123 1189 4182 3,
1205 4137 1230 4170 n.
1248 4121 1274 4168 6.

317 4207 416 4276 VIII.
707 4277 713 4285 ,
1095 4203 1135 4273 13
1219 4263 1221 4268 .
