2976 4712
504 369 773 467 ninnon‘uu
803 399 943 467 mvn.
1183 399 1250 497 397

194 524 282 620 giuti
306 536 378 592 tres
402 519 573 607 haberet,
594 517 643 596 ob
662 519 831 590 virtutem
850 532 988 590 creatus
1005 533 1069 590 est.
1091 521 1255 593 Amicitia

195 649 278 706 curn
291 628 641 728 Carthaginiensibus
651 627 788 723 juncta.
804 629 998 726 Campani,
1019 653 1132 726 quum
1148 655 1254 728 urge-

194 757 321 819 rentur
338 766 359 812 a
376 739 596 812 Samnitibus
615 737 734 826 bello,
754 738 887 810 auxilio
905 739 1074 811 adversus
1090 764 1152 812 eos
1166 765 1186 810 a
1201 765 1255 812 sc·

195 864 280 922 natu
296 851 432 948 petito,
452 873 566 946 quum
583 848 622 920 id
641 873 716 919 non
733 849 988 947 impetrarent,
1002 849 1132 922 urbem
1146 865 1255 950 atque

194 986 298 1060 agros
318 959 458 1059 populo
477 984 630 1031 romano
649 957 876 1031 dediderunt.
904 957 965 1030 Ob
985 984 1093 1057 quam
1114 983 1256 1033 eausam
1352 967 1356 972 “

195 1097 254 1158 ea,
266 1095 354 1169 ¹quae
370 1070 497 1168 populi
512 1072 653 1142 romani
667 1068 759 1166 lacta
772 1086 909 1156 essent,
925 1067 1069 1141 defendi
1082 1070 1180 1142 bello
1194 1072 1254 1144 ad-

195 1203 317 1250 versus
342 1181 517 1251 Samnites
539 1179 685 1277 placuit.
710 1181 832 1268 Quum
855 1178 902 1250 ab
922 1185 961 1250 A.
982 1181 1149 1253 Cornelio
1169 1207 1256 1254 con·
1335 1228 1337 1235 ι

195 1289 271 1360 sule
290 1291 467 1361 exercitus
487 1291 527 1360 in
546 1291 712 1388 iniquum
734 1290 853 1362 locum
877 1289 1054 1361 deductus
1070 1291 1107 1360 in
1125 1315 1258 1390 magno

196 1399 399 1474 discrimine
413 1415 525 1487 esset,
538 1406 576 1473 P.
590 1403 691 1473 Decii
703 1403 815 1472 Muris
830 1399 967 1472 tribuni
980 1401 1134 1472 militurn
1150 1426 1260 1501 opera

196 1525 355 1582 serratus
369 1525 433 1583 est.
451 1512 541 1600 Qui,
562 1526 741 1609 occupato
756 1510 851 1590 ,colle
867 1533 979 1608 super
999 1509 1035 1583 id
1050 1512 1199 1610 jugum,
1220 1515 1259 1584 in
1301 1513 1304 1522 ’

196 1645 271 1720 quo
302 1622 477 1692 Samnites
506 1620 764 1708 consederant,
798 1622 1023 1692 occasionem
1052 1621 1192 1694 consuli
1223 1624 1259 1693 in

196 1732 392 1827 aequiorem
422 1729 541 1803 locum
569 1727 745 1803 evadendi
771 1728 895 1802 dedit:
920 1731 996 1828 ipse
1025 1730 1071 1802 ab
1095 1731 1260 1806 hostibus

197 1843 449 1915 circumsessus
474 1843 603 1940 erupit.
625 1844 747 1931 Quum
771 1842 901 1913 milites
921 1843 1083 1929 romani,
1106 1845 1171 1940 qui
1193 1848 1261 1916 Ca-

197 1976 276 2049 puae
296 1954 334 2022 in
355 1950 520 2051 praesidio
541 1963 644 2024 erant
661 1951 793 2039 relicti,
815 1951 861 2024 de
880 1975 922 2022 ea
941 1952 1152 2050 occupanda
1168 1954 1262 2025 urbe

198 2063 475 2158 conspirassent,
494 2076 550 2150 et,
570 2061 714 2134 detecto
736 2063 907 2149 consilio,
930 2078 1031 2134 metu
1054 2065 1221 2162 supplicii
1243 2091 1264 2139 a

197 2171 336 2270 populo
360 2196 512 2244 romano
537 2170 788 2260 defecisssent;
810 2195 874 2270 per
894 2177 942 2242 Μ.
966 2173 1150 2243 Valerium
1173 2179 1262 2247 Cor·

196 2305 283 2353 vum
301 2283 532 2370 dictatorem,
550 2285 614 2381 qui
632 2282 782 2354 consilio
803 2305 870 2354 suo
891 2306 954 2354 eos
974 2308 995 2354 a
1014 2282 1262 2356 furorerevo·

198 2410 359 2482 caverat,
385 2396 506 2491 patriae
532 2395 688 2465 restituti
716 2409 810 2493 sunt.
844 2391 913 2466 Res
940 2408 1118 2491 praeterea
1138 2409 1262 2466 contra

197 2505 391 2592 Hernicos,
410 2513 446 2575 et
463 2504 585 2576 Gallos
599 2519 636 2574 et
650 2504 817 2576 Tiburtes
836 2520 872 2575 et
888 2507 1109 2576 Privernates
1127 2520 1163 2575 et
1175 2496 1281 2575 Tar-⁹

198 2616 404 2709 quinicuses
433 2628 470 2684 et
498 2603 674 2685 Samnites
703 2628 739 2685 et
766 2613 917 2686 Volscos
945 2619 1117 2711 prospere
1148 2630 1263 2711 gestas

198 2737 368 2793 continet.
923 2730 934 2744 ²

329 2889 331 2892 ’
430 2934 670 3001 arraona
702 2931 852 3000 arnul
884 2933 1000 3000 vui.

247 3123 363 3193 Latini
380 3145 463 3192 cum
481 3121 670 3216 Campanis
687 3117 915 3206 defecerunt,
935 3134 988 3204 et,
1008 3120 1123 3190 missis
1140 3120 1281 3218 legatis*

200 3231 243 3302 ad
265 3245 448 3317 senatum,
468 3228 713 3301 conditionem
731 3229 912 3314 tulerunt,
933 3244 990 3320 ut,
1009 3230 1039 3298 si
1057 3253 1183 3326 pacem
1201 3233 1264 3304 ha-

93 3387 96 3392 ·
125 3361 129 3376 ·
199 3341 287 3413 bere
312 3342 464 3430 vellent,
489 3341 642 3412 alterum
667 3364 712 3411 ex
734 3339 868 3411 Latinis
891 3339 1076 3411 consulem
1096 3339 1264 3414 facerent.

200 3456 281 3542 Qua
299 3454 476 3552 legatione
494 3451 647 3550 perlata,
666 3465 799 3549 praetor
824 3473 950 3519 eorum
973 3449 1111 3520 Annius
1131 3450 1177 3521 de
1198 3445 1266 3523 Ca-

200 3559 327 3659 pitolio
342 3562 392 3632 ita
408 3562 598 3659 prolapsus
614 3574 688 3647 est,
706 3574 748 3629 ut
765 3559 1038 3630 exanimaretur.
1057 3561 1095 3630 T.
1111 3562 1267 3634 Manlius

197 3673 327 3743 ¹consul
343 3671 458 3742 filium
475 3670 576 3769 quod
590 3685 715 3742 contra
734 3667 893 3753 edictum
912 3667 1084 3740 adversus
1100 3671 1265 3772 Latinos,

201 3783 363 3879 quamvis
381 3806 574 3882 prospere,
592 3795 803 3880 pugnasset,
823 3783 939 3851 securi
954 3779 1140 3878 percussit.
1155 3781 1267 3854 Labo-

75 3905 81 3920 '
200 3891 363 3964 rantibus
374 3895 412 3962 in
426 3895 499 3964 acic
513 3892 682 3963 Romanis
692 3903 718 3981 ¹,
732 3897 770 3964 Ρ.
783 3890 933 3977 Decius,
943 3904 1032 3988 tuuc
1042 3892 1169 3963 consul
1181 3916 1264 3964 cum

235 4083 380 4134 Eranvlll.
392 4098 414 4130 π.
426 4082 605 4132 Laborantibus
618 4083 643 4130 in
656 4083 710 4131 acie
753 4097 801 4146 qna
819 4080 850 4129 da
869 4080 972 4129 vocibus
990 4081 1103 4129 laborare
1116 4093 1141 4131 et
1155 4083 1266 4144 laborari

201 4163 331 4222 Bouiania
344 4155 395 4211 vid.
410 4163 463 4212 biv.
477 4162 527 4222 ΙΙΙ,
542 4163 585 4222 ³1,
600 4179 626 4211 n.
640 4177 667 4220 1,
684 4163 710 4209 in
753 4161 823 4226 plura
837 4160 903 4209 dicta
917 4170 982 4208 sunt.
1000 4161 1045 4241 Ep.
