<?xml version="1.0" encoding="UTF-8"?>
<!DOCTYPE html PUBLIC "-//W3C//DTD XHTML 1.0 Transitional//EN"
    "http://www.w3.org/TR/xhtml1/DTD/xhtml1-transitional.dtd">
<html xmlns="http://www.w3.org/1999/xhtml" xml:lang="en" lang="en">
 <head>
  <title>
</title>
<meta http-equiv="Content-Type" content="text/html;charset=utf-8" />
  <meta name='ocr-system' content='tesseract 3.04.00' />
  <meta name='ocr-capabilities' content='ocr_page ocr_carea ocr_par ocr_line ocrx_word'/>
</head>
<body>
  <div class='ocr_page' id='page_1' title='image "./titusliviuspata02freigoog_0372.png"; bbox 0 0 2970 4712; ppageno 0'>
   <div class='ocr_carea' id='block_1_1' title="bbox 143 412 1218 510">
    <p class='ocr_par' dir='ltr' id='par_1_1' title="bbox 143 412 1218 510">
     <span class='ocr_line' id='line_1_1' title="bbox 143 412 1218 510; baseline -0.017 0"><span class='ocrx_word' id='word_1_1' title='bbox 143 419 146 436; x_wconf 92' lang='lat'>&#39;</span> <span class='ocrx_word' id='word_1_2' title='bbox 190 412 314 510; x_wconf 68' lang='grc' dir='ltr'>ὓῑὲῑέἓέῑ</span> <span class='ocrx_word' id='word_1_3' title='bbox 424 431 577 500; x_wconf 78' lang='lat' dir='ltr'><strong>mern</strong></span> <span class='ocrx_word' id='word_1_4' title='bbox 607 433 714 499; x_wconf 72' lang='lat' dir='ltr'><strong>xer.</strong></span> <span class='ocrx_word' id='word_1_5' title='bbox 742 431 849 496; x_wconf 74' lang='lat' dir='ltr'><strong>car.</strong></span> <span class='ocrx_word' id='word_1_6' title='bbox 881 429 1001 494; x_wconf 77' lang='lat' dir='ltr'><strong>xnrv.</strong></span> <span class='ocrx_word' id='word_1_7' title='bbox 1148 422 1218 495; x_wconf 72' lang='lat'><strong>363</strong></span> 
     </span>
    </p>
   </div>
   <div class='ocr_carea' id='block_1_2' title="bbox 162 552 1264 1641">
    <p class='ocr_par' dir='ltr' id='par_1_2' title="bbox 162 552 1264 1641">
     <span class='ocr_line' id='line_1_2' title="bbox 162 552 1218 647; baseline -0.007 -25"><span class='ocrx_word' id='word_1_8' title='bbox 162 552 505 622; x_wconf 75' lang='lat' dir='ltr'><strong>commendationem</strong></span> <span class='ocrx_word' id='word_1_9' title='bbox 520 557 691 647; x_wconf 62' lang='lat' dir='ltr'><strong>occurere.</strong></span> <span class='ocrx_word' id='word_1_10' title='bbox 715 553 863 640; x_wconf 81' lang='lat' dir='ltr'><strong>Quanto</strong></span> <span class='ocrx_word' id='word_1_11' title='bbox 882 571 970 618; x_wconf 79' lang='lat' dir='ltr'><strong>cura</strong></span> <span class='ocrx_word' id='word_1_12' title='bbox 985 571 1109 644; x_wconf 81' lang='lat' dir='ltr'><strong>regum</strong></span> <span class='ocrx_word' id='word_1_13' title='bbox 1125 552 1218 616; x_wconf 84' lang='lat' dir='ltr'><strong>ami·</strong></span> 
     </span>
     <span class='ocr_line' id='line_1_3' title="bbox 162 659 1218 758; baseline -0.007 -26"><span class='ocrx_word' id='word_1_14' title='bbox 162 681 286 732; x_wconf 81' lang='lat' dir='ltr'><strong>comm</strong></span> <span class='ocrx_word' id='word_1_15' title='bbox 307 660 438 732; x_wconf 81' lang='lat' dir='ltr'><strong>liberos</strong></span> <span class='ocrx_word' id='word_1_16' title='bbox 461 659 771 758; x_wconf 79' lang='lat' dir='ltr'><strong>tueaturpopulus</strong></span> <span class='ocrx_word' id='word_1_17' title='bbox 793 681 983 744; x_wconf 82' lang='lat' dir='ltr'><strong>romanus,</strong></span> <span class='ocrx_word' id='word_1_18' title='bbox 1005 659 1218 727; x_wconf 81' lang='lat' dir='ltr'><strong>documento</strong></span> 
     </span>
     <span class='ocr_line' id='line_1_4' title="bbox 162 767 1219 869; baseline -0.006 -27"><span class='ocrx_word' id='word_1_19' title='bbox 162 772 399 844; x_wconf 69' lang='lat' dir='ltr'><strong>Ptolemaeum</strong></span> <span class='ocrx_word' id='word_1_20' title='bbox 419 775 568 869; x_wconf 67' lang='lat' dir='ltr'><strong>AEgyp‘ti</strong></span> <span class='ocrx_word' id='word_1_21' title='bbox 587 793 709 866; x_wconf 81' lang='lat' dir='ltr'><strong>regem</strong></span> <span class='ocrx_word' id='word_1_22' title='bbox 732 793 817 839; x_wconf 85' lang='lat' dir='ltr'><strong>esse.</strong></span> <span class='ocrx_word' id='word_1_23' title='bbox 841 771 932 838; x_wconf 91' lang='lat' dir='ltr'><strong>Cum</strong></span> <span class='ocrx_word' id='word_1_24' title='bbox 956 767 1027 838; x_wconf 91' lang='lat' dir='ltr'><strong>hoc</strong></span> <span class='ocrx_word' id='word_1_25' title='bbox 1044 791 1219 864; x_wconf 87' lang='lat' dir='ltr'><strong>responso</strong></span> 
     </span>
     <span class='ocr_line' id='line_1_5' title="bbox 163 874 1264 970; baseline -0.008 -16"><span class='ocrx_word' id='word_1_26' title='bbox 163 884 302 955; x_wconf 84' lang='lat' dir='ltr'><strong>Prusias</strong></span> <span class='ocrx_word' id='word_1_27' title='bbox 327 896 380 952; x_wconf 87' lang='lat' dir='ltr'><strong>est</strong></span> <span class='ocrx_word' id='word_1_28' title='bbox 396 877 572 952; x_wconf 88' lang='lat' dir='ltr'><strong>dimissus.</strong></span> <span class='ocrx_word' id='word_1_29' title='bbox 596 885 746 951; x_wconf 80' lang='lat' dir='ltr'><strong>Munera</strong></span> <span class='ocrx_word' id='word_1_30' title='bbox 770 881 803 950; x_wconf 89' lang='lat' dir='ltr'><strong>ei</strong></span> <span class='ocrx_word' id='word_1_31' title='bbox 829 877 898 948; x_wconf 74' lang='lat' dir='ltr'><strong>en*</strong></span> <span class='ocrx_word' id='word_1_32' title='bbox 919 874 1107 949; x_wconf 79' lang='lat' dir='ltr'><strong>sestertiis⁶</strong></span> <span class='ocrx_word' id='word_1_33' title='bbox 1125 877 1221 970; x_wconf 83' lang='lat' dir='ltr'><strong>jussa</strong></span> <span class='ocrx_word' id='word_1_34' title='bbox 1261 877 1264 884; x_wconf 87' lang='lat'>&#39;</span> 
     </span>
     <span class='ocr_line' id='line_1_6' title="bbox 164 989 1219 1091; baseline -0.006 -28"><span class='ocrx_word' id='word_1_35' title='bbox 164 993 261 1081; x_wconf 87' lang='lat' dir='ltr'><strong>dari,</strong></span> <span class='ocrx_word' id='word_1_36' title='bbox 285 1009 321 1064; x_wconf 91' lang='lat' dir='ltr'><strong>et</strong></span> <span class='ocrx_word' id='word_1_37' title='bbox 340 1011 504 1064; x_wconf 84' lang='lat' dir='ltr'><strong>vatorum</strong></span> <span class='ocrx_word' id='word_1_38' title='bbox 531 1005 782 1091; x_wconf 77' lang='lat' dir='ltr'><strong>argenteorum</strong></span> <span class='ocrx_word' id='word_1_39' title='bbox 806 989 929 1089; x_wconf 87' lang='lat' dir='ltr'><strong>pondo</strong></span> <span class='ocrx_word' id='word_1_40' title='bbox 952 991 1219 1086; x_wconf 82' lang='lat' dir='ltr'><strong>quinquaginta.</strong></span> 
     </span>
     <span class='ocr_line' id='line_1_7' title="bbox 163 1099 1221 1208; baseline -0.007 -34"><span class='ocrx_word' id='word_1_41' title='bbox 163 1109 208 1174; x_wconf 91' lang='lat' dir='ltr'><strong>Et</strong></span> <span class='ocrx_word' id='word_1_42' title='bbox 222 1103 296 1175; x_wconf 89' lang='lat' dir='ltr'><strong>filio</strong></span> <span class='ocrx_word' id='word_1_43' title='bbox 312 1107 403 1202; x_wconf 88' lang='lat' dir='ltr'><strong>regis</strong></span> <span class='ocrx_word' id='word_1_44' title='bbox 419 1102 603 1208; x_wconf 77' lang='lat' dir='ltr'>Nicomedi</span> <span class='ocrx_word' id='word_1_45' title='bbox 617 1128 661 1174; x_wconf 84' lang='lat' dir='ltr'><strong>ex</strong></span> <span class='ocrx_word' id='word_1_46' title='bbox 680 1129 720 1174; x_wconf 89' lang='lat' dir='ltr'><strong>ea</strong></span> <span class='ocrx_word' id='word_1_47' title='bbox 735 1125 873 1173; x_wconf 88' lang='lat' dir='ltr'><strong>summa</strong></span> <span class='ocrx_word' id='word_1_48' title='bbox 887 1124 1038 1170; x_wconf 84' lang='lat' dir='ltr'><strong>munera</strong></span> <span class='ocrx_word' id='word_1_49' title='bbox 1052 1099 1127 1168; x_wconf 89' lang='lat' dir='ltr'><strong>dari</strong></span> <span class='ocrx_word' id='word_1_50' title='bbox 1142 1123 1221 1169; x_wconf 90' lang='lat' dir='ltr'><strong>cen-</strong></span> 
     </span>
     <span class='ocr_line' id='line_1_8' title="bbox 165 1208 1224 1312; baseline -0.006 -28"><span class='ocrx_word' id='word_1_51' title='bbox 165 1228 334 1300; x_wconf 86' lang='lat' dir='ltr'><strong>suerunt,</strong></span> <span class='ocrx_word' id='word_1_52' title='bbox 353 1240 396 1285; x_wconf 83' lang='lat' dir='ltr'><strong>ex</strong></span> <span class='ocrx_word' id='word_1_53' title='bbox 418 1239 490 1312; x_wconf 88' lang='lat' dir='ltr'><strong>qua</strong></span> <span class='ocrx_word' id='word_1_54' title='bbox 513 1213 688 1311; x_wconf 82' lang='lat' dir='ltr'><strong>Masgabae</strong></span> <span class='ocrx_word' id='word_1_55' title='bbox 710 1211 785 1282; x_wconf 90' lang='lat' dir='ltr'><strong>filio</strong></span> <span class='ocrx_word' id='word_1_56' title='bbox 810 1212 902 1308; x_wconf 89' lang='lat' dir='ltr'><strong>regis</strong></span> <span class='ocrx_word' id='word_1_57' title='bbox 926 1209 1127 1281; x_wconf 62' lang='lat' dir='ltr'><strong>Masinissae‘</strong></span> <span class='ocrx_word' id='word_1_58' title='bbox 1143 1208 1224 1278; x_wconf 87' lang='lat' dir='ltr'><strong>data</strong></span> 
     </span>
     <span class='ocr_line' id='line_1_9' title="bbox 165 1311 1224 1420; baseline -0.008 -24"><span class='ocrx_word' id='word_1_59' title='bbox 165 1341 303 1411; x_wconf 87' lang='lat' dir='ltr'><strong>essent;</strong></span> <span class='ocrx_word' id='word_1_60' title='bbox 324 1339 359 1394; x_wconf 86' lang='lat' dir='ltr'><strong>rt</strong></span> <span class='ocrx_word' id='word_1_61' title='bbox 374 1341 415 1395; x_wconf 91' lang='lat' dir='ltr'><strong>ut</strong></span> <span class='ocrx_word' id='word_1_62' title='bbox 427 1325 578 1395; x_wconf 83' lang='lat' dir='ltr'><strong>victimae</strong></span> <span class='ocrx_word' id='word_1_63' title='bbox 592 1324 749 1420; x_wconf 85' lang='lat' dir='ltr'><strong>aliaque,</strong></span> <span class='ocrx_word' id='word_1_64' title='bbox 766 1347 845 1420; x_wconf 82' lang='lat' dir='ltr'><strong>quae</strong></span> <span class='ocrx_word' id='word_1_65' title='bbox 860 1322 904 1392; x_wconf 85' lang='lat' dir='ltr'><strong>ad</strong></span> <span class='ocrx_word' id='word_1_66' title='bbox 919 1311 1131 1392; x_wconf 82' lang='lat' dir='ltr'><strong>sacrificium</strong></span> <span class='ocrx_word' id='word_1_67' title='bbox 1146 1343 1224 1414; x_wconf 91' lang='lat' dir='ltr'><strong>per·</strong></span> 
     </span>
     <span class='ocr_line' id='line_1_10' title="bbox 164 1427 1224 1523; baseline -0.003 -20"><span class='ocrx_word' id='word_1_68' title='bbox 164 1437 342 1523; x_wconf 74' lang='lat' dir='ltr'><strong>linerent,</strong></span> <span class='ocrx_word' id='word_1_69' title='bbox 366 1459 429 1504; x_wconf 90' lang='lat' dir='ltr'><strong>seu</strong></span> <span class='ocrx_word' id='word_1_70' title='bbox 451 1439 594 1521; x_wconf 87' lang='lat' dir='ltr'><strong>Romae,</strong></span> <span class='ocrx_word' id='word_1_71' title='bbox 616 1449 680 1504; x_wconf 84' lang='lat' dir='ltr'><strong>seu</strong></span> <span class='ocrx_word' id='word_1_72' title='bbox 697 1439 873 1504; x_wconf 88' lang='lat' dir='ltr'><strong>Praeneste</strong></span> <span class='ocrx_word' id='word_1_73' title='bbox 891 1432 1076 1502; x_wconf 89' lang='lat' dir='ltr'><strong>immolare</strong></span> <span class='ocrx_word' id='word_1_74' title='bbox 1097 1427 1224 1516; x_wconf 87' lang='lat' dir='ltr'><strong>vellet,</strong></span> 
     </span>
     <span class='ocr_line' id='line_1_11' title="bbox 164 1539 1224 1641; baseline 0 -29"><span class='ocrx_word' id='word_1_75' title='bbox 164 1545 240 1640; x_wconf 88' lang='lat' dir='ltr'><strong>regi</strong></span> <span class='ocrx_word' id='word_1_76' title='bbox 261 1568 304 1614; x_wconf 84' lang='lat' dir='ltr'><strong>ex</strong></span> <span class='ocrx_word' id='word_1_77' title='bbox 322 1542 490 1641; x_wconf 87' lang='lat' dir='ltr'><strong>publico,</strong></span> <span class='ocrx_word' id='word_1_78' title='bbox 513 1547 605 1614; x_wconf 89' lang='lat' dir='ltr'><strong>sicut</strong></span> <span class='ocrx_word' id='word_1_79' title='bbox 623 1541 886 1638; x_wconf 89' lang='lat' dir='ltr'><strong>magistratibus</strong></span> <span class='ocrx_word' id='word_1_80' title='bbox 899 1539 1075 1627; x_wconf 83' lang='lat' dir='ltr'><strong>romanis,</strong></span> <span class='ocrx_word' id='word_1_81' title='bbox 1091 1539 1224 1637; x_wconf 86' lang='lat' dir='ltr'><strong>praebc·</strong></span> 
     </span>
    </p>
   </div>
   <div class='ocr_carea' id='block_1_3' title="bbox 59 1652 1224 1748">
    <p class='ocr_par' dir='ltr' id='par_1_3' title="bbox 59 1652 1224 1748">
     <span class='ocr_line' id='line_1_12' title="bbox 59 1652 1224 1748; baseline -0.003 -25"><span class='ocrx_word' id='word_1_82' title='bbox 59 1683 63 1690; x_wconf 69' lang='grc'><strong>’</strong></span> <span class='ocrx_word' id='word_1_83' title='bbox 165 1666 311 1739; x_wconf 88' lang='lat' dir='ltr'><strong>rentor;</strong></span> <span class='ocrx_word' id='word_1_84' title='bbox 335 1668 371 1724; x_wconf 88' lang='lat' dir='ltr'><strong>et</strong></span> <span class='ocrx_word' id='word_1_85' title='bbox 394 1670 435 1723; x_wconf 94' lang='lat' dir='ltr'><strong>ut</strong></span> <span class='ocrx_word' id='word_1_86' title='bbox 456 1675 501 1723; x_wconf 79' lang='lat' dir='ltr'><strong>ex</strong></span> <span class='ocrx_word' id='word_1_87' title='bbox 526 1653 655 1738; x_wconf 89' lang='lat' dir='ltr'><strong>classe,</strong></span> <span class='ocrx_word' id='word_1_88' title='bbox 679 1672 758 1748; x_wconf 87' lang='lat' dir='ltr'><strong>quae</strong></span> <span class='ocrx_word' id='word_1_89' title='bbox 779 1652 957 1722; x_wconf 86' lang='lat' dir='ltr'><strong>Brundisii</strong></span> <span class='ocrx_word' id='word_1_90' title='bbox 981 1665 1091 1739; x_wconf 87' lang='lat' dir='ltr'><strong>esset,</strong></span> <span class='ocrx_word' id='word_1_91' title='bbox 1117 1674 1224 1719; x_wconf 85' lang='lat' dir='ltr'><strong>naves</strong></span> 
     </span>
    </p>
   </div>
   <div class='ocr_carea' id='block_1_4' title="bbox 165 1749 1226 2412">
    <p class='ocr_par' dir='ltr' id='par_1_4' title="bbox 165 1749 1226 2412">
     <span class='ocr_line' id='line_1_13' title="bbox 165 1749 1224 1860; baseline -0.002 -28"><span class='ocrx_word' id='word_1_92' title='bbox 165 1763 426 1860; x_wconf 73' lang='lat' dir='ltr'><strong>longasiginti</strong></span> <span class='ocrx_word' id='word_1_93' title='bbox 448 1765 725 1860; x_wconf 83' lang='lat' dir='ltr'><strong>assignarentur,</strong></span> <span class='ocrx_word' id='word_1_94' title='bbox 751 1749 884 1859; x_wconf 86' lang='lat' dir='ltr'><strong>quibus</strong></span> <span class='ocrx_word' id='word_1_95' title='bbox 910 1776 1082 1847; x_wconf 90' lang='lat' dir='ltr'><strong>uteretur,</strong></span> <span class='ocrx_word' id='word_1_96' title='bbox 1106 1759 1224 1830; x_wconf 90' lang='lat' dir='ltr'><strong>donec</strong></span> 
     </span>
     <span class='ocr_line' id='line_1_14' title="bbox 165 1871 1223 1971; baseline -0.003 -29"><span class='ocrx_word' id='word_1_97' title='bbox 165 1871 215 1942; x_wconf 50' lang='lat' dir='ltr'><strong>ad¹</strong></span> <span class='ocrx_word' id='word_1_98' title='bbox 228 1873 391 1960; x_wconf 81' lang='lat' dir='ltr'><strong>classem,</strong></span> <span class='ocrx_word' id='word_1_99' title='bbox 412 1873 509 1944; x_wconf 91' lang='lat' dir='ltr'><strong>dono</strong></span> <span class='ocrx_word' id='word_1_100' title='bbox 533 1873 651 1944; x_wconf 86' lang='lat' dir='ltr'><strong>datam</strong></span> <span class='ocrx_word' id='word_1_101' title='bbox 669 1875 720 1962; x_wconf 89' lang='lat' dir='ltr'><strong>ei,</strong></span> <span class='ocrx_word' id='word_1_102' title='bbox 743 1897 806 1944; x_wconf 81' lang='lat' dir='ltr'><strong>rex</strong></span> <span class='ocrx_word' id='word_1_103' title='bbox 824 1874 1055 1971; x_wconf 88' lang='lat' dir='ltr'><strong>pervenisset.</strong></span> <span class='ocrx_word' id='word_1_104' title='bbox 1076 1875 1116 1941; x_wconf 90' lang='lat' dir='ltr'><strong>L.</strong></span> <span class='ocrx_word' id='word_1_105' title='bbox 1134 1873 1223 1939; x_wconf 84' lang='lat' dir='ltr'><strong>Gor-</strong></span> 
     </span>
     <span class='ocr_line' id='line_1_15' title="bbox 166 1981 1225 2082; baseline -0.001 -33"><span class='ocrx_word' id='word_1_106' title='bbox 166 1981 283 2053; x_wconf 87' lang='lat' dir='ltr'><strong>nelius</strong></span> <span class='ocrx_word' id='word_1_107' title='bbox 304 1984 421 2082; x_wconf 89' lang='lat' dir='ltr'><strong>Scipio</strong></span> <span class='ocrx_word' id='word_1_108' title='bbox 441 2007 488 2053; x_wconf 89' lang='lat' dir='ltr'><strong>ne</strong></span> <span class='ocrx_word' id='word_1_109' title='bbox 508 1981 553 2052; x_wconf 86' lang='lat' dir='ltr'><strong>ab</strong></span> <span class='ocrx_word' id='word_1_110' title='bbox 570 2009 614 2053; x_wconf 93' lang='lat' dir='ltr'><strong>eo</strong></span> <span class='ocrx_word' id='word_1_111' title='bbox 630 1982 857 2072; x_wconf 86' lang='lat' dir='ltr'><strong>abscederet,</strong></span> <span class='ocrx_word' id='word_1_112' title='bbox 881 1998 1138 2080; x_wconf 87' lang='lat' dir='ltr'><strong>sumptumque</strong></span> <span class='ocrx_word' id='word_1_113' title='bbox 1158 1981 1225 2078; x_wconf 90' lang='lat' dir='ltr'><strong>ipsi</strong></span> 
     </span>
     <span class='ocr_line' id='line_1_16' title="bbox 167 2086 1223 2190; baseline -0.002 -28"><span class='ocrx_word' id='word_1_114' title='bbox 167 2106 203 2162; x_wconf 91' lang='lat' dir='ltr'><strong>et</strong></span> <span class='ocrx_word' id='word_1_115' title='bbox 229 2086 418 2163; x_wconf 87' lang='lat' dir='ltr'><strong>comitibus</strong></span> <span class='ocrx_word' id='word_1_116' title='bbox 444 2092 637 2190; x_wconf 87' lang='lat' dir='ltr'><strong>praeberet,</strong></span> <span class='ocrx_word' id='word_1_117' title='bbox 665 2095 781 2165; x_wconf 88' lang='lat' dir='ltr'><strong>donec</strong></span> <span class='ocrx_word' id='word_1_118' title='bbox 803 2118 929 2165; x_wconf 90' lang='lat' dir='ltr'><strong>navem</strong></span> <span class='ocrx_word' id='word_1_119' title='bbox 949 2091 1223 2164; x_wconf 87' lang='lat' dir='ltr'><strong>conscendisset.</strong></span> 
     </span>
     <span class='ocr_line' id='line_1_17' title="bbox 167 2202 1226 2302; baseline 0.001 -33"><span class='ocrx_word' id='word_1_120' title='bbox 167 2203 255 2274; x_wconf 90' lang='lat' dir='ltr'><strong>Mire</strong></span> <span class='ocrx_word' id='word_1_121' title='bbox 278 2203 397 2275; x_wconf 83' lang='lat' dir='ltr'><strong>laetum</strong></span> <span class='ocrx_word' id='word_1_122' title='bbox 419 2219 455 2275; x_wconf 88' lang='lat' dir='ltr'><strong>et</strong></span> <span class='ocrx_word' id='word_1_123' title='bbox 478 2230 520 2275; x_wconf 90' lang='lat' dir='ltr'><strong>ea</strong></span> <span class='ocrx_word' id='word_1_124' title='bbox 540 2204 784 2302; x_wconf 86' lang='lat' dir='ltr'><strong>benignitate⁷</strong></span> <span class='ocrx_word' id='word_1_125' title='bbox 811 2207 848 2274; x_wconf 91' lang='lat' dir='ltr'><strong>in</strong></span> <span class='ocrx_word' id='word_1_126' title='bbox 870 2229 907 2275; x_wconf 87' lang='lat' dir='ltr'><strong>se.</strong></span> <span class='ocrx_word' id='word_1_127' title='bbox 935 2202 1060 2301; x_wconf 89' lang='lat' dir='ltr'><strong>populi</strong></span> <span class='ocrx_word' id='word_1_128' title='bbox 1085 2203 1226 2272; x_wconf 89' lang='lat' dir='ltr'><strong>romani</strong></span> 
     </span>
     <span class='ocr_line' id='line_1_18' title="bbox 167 2307 1224 2412; baseline -0.002 -30"><span class='ocrx_word' id='word_1_129' title='bbox 167 2337 287 2409; x_wconf 88' lang='lat' dir='ltr'><strong>regem</strong></span> <span class='ocrx_word' id='word_1_130' title='bbox 304 2311 429 2398; x_wconf 87' lang='lat' dir='ltr'><strong>fuisse,</strong></span> <span class='ocrx_word' id='word_1_131' title='bbox 450 2312 591 2385; x_wconf 86' lang='lat' dir='ltr'><strong>ferunt:</strong></span> <span class='ocrx_word' id='word_1_132' title='bbox 607 2340 756 2386; x_wconf 87' lang='lat' dir='ltr'><strong>munera</strong></span> <span class='ocrx_word' id='word_1_133' title='bbox 772 2315 840 2386; x_wconf 86' lang='lat' dir='ltr'><strong>sibi</strong></span> <span class='ocrx_word' id='word_1_134' title='bbox 854 2317 972 2412; x_wconf 90' lang='lat' dir='ltr'><strong>ipsum</strong></span> <span class='ocrx_word' id='word_1_135' title='bbox 990 2307 1160 2400; x_wconf 80' lang='lat' dir='ltr'><strong>emisse⁸;</strong></span> <span class='ocrx_word' id='word_1_136' title='bbox 1183 2309 1224 2380; x_wconf 87' lang='lat' dir='ltr'><strong>fi-</strong></span> 
     </span>
    </p>
   </div>
   <div class='ocr_carea' id='block_1_5' title="bbox 67 2421 1239 3065">
    <p class='ocr_par' dir='ltr' id='par_1_5' title="bbox 67 2421 1239 3065">
     <span class='ocr_line' id='line_1_19' title="bbox 165 2421 1224 2522; baseline 0.002 -31"><span class='ocrx_word' id='word_1_137' title='bbox 165 2421 251 2491; x_wconf 90' lang='lat' dir='ltr'><strong>lium</strong></span> <span class='ocrx_word' id='word_1_138' title='bbox 269 2423 412 2516; x_wconf 90' lang='lat' dir='ltr'><strong>jussisse</strong></span> <span class='ocrx_word' id='word_1_139' title='bbox 431 2422 566 2494; x_wconf 92' lang='lat' dir='ltr'><strong>donum</strong></span> <span class='ocrx_word' id='word_1_140' title='bbox 587 2425 714 2522; x_wconf 88' lang='lat' dir='ltr'><strong>populi</strong></span> <span class='ocrx_word' id='word_1_141' title='bbox 733 2426 873 2496; x_wconf 88' lang='lat' dir='ltr'><strong>romani</strong></span> <span class='ocrx_word' id='word_1_142' title='bbox 894 2426 1063 2521; x_wconf 88' lang='lat' dir='ltr'><strong>accipere.</strong></span> <span class='ocrx_word' id='word_1_143' title='bbox 1085 2429 1166 2494; x_wconf 84' lang='lat' dir='ltr'><strong>Haec</strong></span> <span class='ocrx_word' id='word_1_144' title='bbox 1180 2422 1224 2493; x_wconf 92' lang='lat' dir='ltr'><strong>de</strong></span> 
     </span>
     <span class='ocr_line' id='line_1_20' title="bbox 166 2527 1226 2631; baseline 0.002 -32"><span class='ocrx_word' id='word_1_145' title='bbox 166 2532 289 2600; x_wconf 90' lang='lat' dir='ltr'><strong>Prusia</strong></span> <span class='ocrx_word' id='word_1_146' title='bbox 310 2527 425 2602; x_wconf 87' lang='lat' dir='ltr'><strong>nostri</strong></span> <span class='ocrx_word' id='word_1_147' title='bbox 450 2535 650 2631; x_wconf 84' lang='lat' dir='ltr'><strong>scriptores.</strong></span> <span class='ocrx_word' id='word_1_148' title='bbox 676 2533 863 2630; x_wconf 89' lang='lat' dir='ltr'><strong>Polybius,</strong></span> <span class='ocrx_word' id='word_1_149' title='bbox 886 2558 969 2604; x_wconf 90' lang='lat' dir='ltr'><strong>eum</strong></span> <span class='ocrx_word' id='word_1_150' title='bbox 992 2558 1112 2630; x_wconf 89' lang='lat' dir='ltr'><strong>regem</strong></span> <span class='ocrx_word' id='word_1_151' title='bbox 1136 2533 1226 2602; x_wconf 89' lang='lat' dir='ltr'><strong>indi-</strong></span> 
     </span>
     <span class='ocr_line' id='line_1_21' title="bbox 168 2640 1224 2741; baseline 0.003 -33"><span class='ocrx_word' id='word_1_152' title='bbox 168 2652 303 2735; x_wconf 87' lang='lat' dir='ltr'><strong>gnum9</strong></span> <span class='ocrx_word' id='word_1_153' title='bbox 323 2640 502 2733; x_wconf 88' lang='lat' dir='ltr'><strong>majestate</strong></span> <span class='ocrx_word' id='word_1_154' title='bbox 525 2645 679 2714; x_wconf 92' lang='lat' dir='ltr'><strong>nominis</strong></span> <span class='ocrx_word' id='word_1_155' title='bbox 699 2646 808 2730; x_wconf 89' lang='lat' dir='ltr'><strong>tanti,</strong></span> <span class='ocrx_word' id='word_1_156' title='bbox 826 2644 952 2730; x_wconf 87' lang='lat' dir='ltr'><strong>tradit,</strong></span> <span class='ocrx_word' id='word_1_157' title='bbox 966 2644 1151 2741; x_wconf 86' lang='lat' dir='ltr'><strong>pileatum,</strong></span> <span class='ocrx_word' id='word_1_158' title='bbox 1167 2667 1224 2712; x_wconf 86' lang='lat' dir='ltr'><strong>ca-</strong></span> 
     </span>
     <span class='ocr_line' id='line_1_22' title="bbox 168 2741 1239 2849; baseline 0.004 -33"><span class='ocrx_word' id='word_1_159' title='bbox 168 2750 241 2844; x_wconf 88' lang='lat' dir='ltr'><strong>pite</strong></span> <span class='ocrx_word' id='word_1_160' title='bbox 257 2772 355 2834; x_wconf 90' lang='lat' dir='ltr'><strong>raso,</strong></span> <span class='ocrx_word' id='word_1_161' title='bbox 371 2747 513 2819; x_wconf 91' lang='lat' dir='ltr'><strong>obviam</strong></span> <span class='ocrx_word' id='word_1_162' title='bbox 534 2753 584 2820; x_wconf 90' lang='lat' dir='ltr'><strong>ire</strong></span> <span class='ocrx_word' id='word_1_163' title='bbox 604 2750 727 2849; x_wconf 86' lang='lat' dir='ltr'><strong>legatis</strong></span> <span class='ocrx_word' id='word_1_164' title='bbox 748 2752 910 2835; x_wconf 92' lang='lat' dir='ltr'><strong>solitum,</strong></span> <span class='ocrx_word' id='word_1_165' title='bbox 929 2752 1173 2848; x_wconf 86' lang='lat' dir='ltr'><strong>libertumque</strong></span> <span class='ocrx_word' id='word_1_166' title='bbox 1187 2741 1239 2821; x_wconf 77' lang='lat' dir='ltr'><strong>se&#39;</strong></span> 
     </span>
     <span class='ocr_line' id='line_1_23' title="bbox 168 2856 1225 2958; baseline 0.004 -33"><span class='ocrx_word' id='word_1_167' title='bbox 168 2856 294 2955; x_wconf 89' lang='lat' dir='ltr'><strong>populi</strong></span> <span class='ocrx_word' id='word_1_168' title='bbox 310 2860 449 2926; x_wconf 87' lang='lat' dir='ltr'><strong>romani</strong></span> <span class='ocrx_word' id='word_1_169' title='bbox 466 2856 575 2942; x_wconf 85' lang='lat' dir='ltr'><strong>ferre,</strong></span> <span class='ocrx_word' id='word_1_170' title='bbox 595 2875 630 2929; x_wconf 83' lang='lat' dir='ltr'><strong>et</strong></span> <span class='ocrx_word' id='word_1_171' title='bbox 650 2860 729 2930; x_wconf 88' lang='lat' dir='ltr'><strong>ideo</strong></span> <span class='ocrx_word' id='word_1_172' title='bbox 747 2863 901 2958; x_wconf 88' lang='lat' dir='ltr'><strong>insignia</strong></span> <span class='ocrx_word' id='word_1_173' title='bbox 920 2859 1056 2931; x_wconf 90' lang='lat' dir='ltr'><strong>ordinis</strong></span> <span class='ocrx_word' id='word_1_174' title='bbox 1072 2860 1149 2952; x_wconf 91' lang='lat' dir='ltr'><strong>ejus</strong></span> <span class='ocrx_word' id='word_1_175' title='bbox 1168 2883 1225 2956; x_wconf 86' lang='lat' dir='ltr'><strong>gc-</strong></span> 
     </span>
     <span class='ocr_line' id='line_1_24' title="bbox 67 2967 1226 3065; baseline 0.003 -31"><span class='ocrx_word' id='word_1_176' title='bbox 67 3045 70 3050; x_wconf 42' lang='grc'><strong>,</strong></span> <span class='ocrx_word' id='word_1_177' title='bbox 168 2991 247 3036; x_wconf 88' lang='lat' dir='ltr'><strong>rere</strong></span> <span class='ocrx_word' id='word_1_178' title='bbox 257 2976 307 3034; x_wconf 85' lang='lat'><strong>¹⁰:</strong></span> <span class='ocrx_word' id='word_1_179' title='bbox 325 2971 444 3035; x_wconf 83' lang='lat' dir='ltr'><strong>Romae</strong></span> <span class='ocrx_word' id='word_1_180' title='bbox 460 2992 627 3063; x_wconf 87' lang='lat' dir='ltr'><strong>quoque,</strong></span> <span class='ocrx_word' id='word_1_181' title='bbox 647 2995 759 3065; x_wconf 91' lang='lat' dir='ltr'><strong>quum</strong></span> <span class='ocrx_word' id='word_1_182' title='bbox 774 2973 909 3041; x_wconf 87' lang='lat' dir='ltr'><strong>veniret</strong></span> <span class='ocrx_word' id='word_1_183' title='bbox 927 2971 1130 3052; x_wconf 87' lang='lat' dir='ltr'><strong>incuriam,</strong></span> <span class='ocrx_word' id='word_1_184' title='bbox 1147 2967 1226 3038; x_wconf 82' lang='lat' dir='ltr'><strong>sub-</strong></span> 
     </span>
    </p>
   </div>
   <div class='ocr_carea' id='block_1_6' title="bbox 204 3143 1224 3208">
    <p class='ocr_par' dir='ltr' id='par_1_6' title="bbox 204 3143 1224 3208">
     <span class='ocr_line' id='line_1_25' title="bbox 204 3143 1224 3208; baseline 0.002 -18"><span class='ocrx_word' id='word_1_185' title='bbox 204 3144 228 3190; x_wconf 83' lang='lat'><strong>6.</strong></span> <span class='ocrx_word' id='word_1_186' title='bbox 237 3145 341 3190; x_wconf 84' lang='lat' dir='ltr'><strong>Munera</strong></span> <span class='ocrx_word' id='word_1_187' title='bbox 361 3144 384 3189; x_wconf 83' lang='lat' dir='ltr'><strong>ei</strong></span> <span class='ocrx_word' id='word_1_188' title='bbox 404 3143 456 3191; x_wconf 72' lang='lat' dir='ltr'><strong>ex*</strong></span> <span class='ocrx_word' id='word_1_189' title='bbox 467 3144 593 3205; x_wconf 81' lang='lat' dir='ltr'><strong>sestertiis,</strong></span> <span class='ocrx_word' id='word_1_190' title='bbox 611 3145 674 3192; x_wconf 78' lang='lat' dir='ltr'><strong>sorte</strong></span> <span class='ocrx_word' id='word_1_191' title='bbox 719 3159 765 3195; x_wconf 86' lang='lat' dir='ltr'><strong>etc.</strong></span> <span class='ocrx_word' id='word_1_192' title='bbox 785 3149 811 3198; x_wconf 85' lang='grc' dir='ltr'><strong>τὸ</strong></span> <span class='ocrx_word' id='word_1_193' title='bbox 831 3161 856 3194; x_wconf 84' lang='lat' dir='ltr'><strong>ct</strong></span> <span class='ocrx_word' id='word_1_194' title='bbox 880 3149 941 3195; x_wconf 82' lang='lat' dir='ltr'><strong>forte</strong></span> <span class='ocrx_word' id='word_1_195' title='bbox 959 3147 1006 3194; x_wconf 87' lang='lat' dir='ltr'><strong>del.</strong></span> <span class='ocrx_word' id='word_1_196' title='bbox 1023 3159 1065 3195; x_wconf 82' lang='lat' dir='ltr'><strong>aut</strong></span> <span class='ocrx_word' id='word_1_197' title='bbox 1081 3147 1127 3208; x_wconf 79' lang='lat' dir='ltr'><strong>leg.</strong></span> <span class='ocrx_word' id='word_1_198' title='bbox 1144 3149 1224 3195; x_wconf 84' lang='lat' dir='ltr'><strong>Ioetum</strong></span> 
     </span>
    </p>
   </div>
   <div class='ocr_carea' id='block_1_7' title="bbox 97 3219 1224 3282">
    <p class='ocr_par' dir='ltr' id='par_1_7' title="bbox 97 3219 1224 3282">
     <span class='ocr_line' id='line_1_26' title="bbox 97 3219 1224 3282; baseline -0.002 -14"><span class='ocrx_word' id='word_1_199' title='bbox 97 3251 101 3258; x_wconf 83' lang='lat'><strong>.</strong></span> <span class='ocrx_word' id='word_1_200' title='bbox 169 3238 201 3268; x_wconf 75' lang='lat' dir='ltr'><strong>esc</strong></span> <span class='ocrx_word' id='word_1_201' title='bbox 221 3223 248 3270; x_wconf 83' lang='lat' dir='ltr'><strong>C.</strong></span> <span class='ocrx_word' id='word_1_202' title='bbox 266 3224 330 3280; x_wconf 73' lang='lat' dir='ltr'><strong>Hs,</strong></span> <span class='ocrx_word' id='word_1_203' title='bbox 346 3224 363 3272; x_wconf 85' lang='lat' dir='ltr'><strong>i.</strong></span> <span class='ocrx_word' id='word_1_204' title='bbox 381 3239 401 3270; x_wconf 82' lang='lat' dir='ltr'><strong>e.</strong></span> <span class='ocrx_word' id='word_1_205' title='bbox 415 3233 556 3270; x_wconf 82' lang='lat' dir='ltr'><strong>excentum</strong></span> <span class='ocrx_word' id='word_1_206' title='bbox 569 3222 675 3270; x_wconf 67' lang='lat' dir='ltr'><strong>millibus</strong></span> <span class='ocrx_word' id='word_1_207' title='bbox 719 3229 788 3264; x_wconf 84' lang='lat' dir='ltr'><strong>tanta</strong></span> <span class='ocrx_word' id='word_1_208' title='bbox 806 3219 829 3266; x_wconf 81' lang='lat' dir='ltr'><strong>b.</strong></span> <span class='ocrx_word' id='word_1_209' title='bbox 848 3219 1054 3279; x_wconf 57' lang='lat' dir='ltr'><strong>Manutiusvconj.</strong></span> <span class='ocrx_word' id='word_1_210' title='bbox 1076 3233 1108 3264; x_wconf 76' lang='lat' dir='ltr'><strong>etr</strong></span> <span class='ocrx_word' id='word_1_211' title='bbox 1125 3234 1171 3282; x_wconf 90' lang='lat' dir='ltr'><strong>pro</strong></span> <span class='ocrx_word' id='word_1_212' title='bbox 1193 3229 1224 3266; x_wconf 83' lang='lat' dir='ltr'><strong>et.</strong></span> 
     </span>
    </p>
   </div>
   <div class='ocr_carea' id='block_1_8' title="bbox 168 3296 1226 4233">
    <p class='ocr_par' dir='ltr' id='par_1_8' title="bbox 168 3296 1226 4150">
     <span class='ocr_line' id='line_1_27' title="bbox 168 3296 1226 3362; baseline 0.001 -15"><span class='ocrx_word' id='word_1_213' title='bbox 168 3316 333 3361; x_wconf 84' lang='lat' dir='ltr'><strong>nummorum,</strong></span> <span class='ocrx_word' id='word_1_214' title='bbox 343 3303 382 3350; x_wconf 84' lang='lat' dir='ltr'><strong>vel</strong></span> <span class='ocrx_word' id='word_1_215' title='bbox 393 3301 417 3348; x_wconf 86' lang='lat' dir='ltr'><strong>ei</strong></span> <span class='ocrx_word' id='word_1_216' title='bbox 424 3301 501 3348; x_wconf 81' lang='lat' dir='ltr'><strong>decies</strong></span> <span class='ocrx_word' id='word_1_217' title='bbox 509 3301 612 3349; x_wconf 79' lang='lat' dir='ltr'><strong>sestertii</strong></span> <span class='ocrx_word' id='word_1_218' title='bbox 614 3320 624 3359; x_wconf 93' lang='lat'><em>;</em></span> <span class='ocrx_word' id='word_1_219' title='bbox 633 3303 676 3350; x_wconf 83' lang='lat' dir='ltr'><strong>sed</strong></span> <span class='ocrx_word' id='word_1_220' title='bbox 719 3296 767 3344; x_wconf 81' lang='lat' dir='ltr'><strong>Sed</strong></span> <span class='ocrx_word' id='word_1_221' title='bbox 778 3297 874 3344; x_wconf 85' lang='lat' dir='ltr'><strong>Livium</strong></span> <span class='ocrx_word' id='word_1_222' title='bbox 892 3298 972 3345; x_wconf 73' lang='lat' dir='ltr'><strong>laetrcm</strong></span> <span class='ocrx_word' id='word_1_223' title='bbox 986 3315 1018 3344; x_wconf 74' lang='lat' dir='ltr'><strong>ex</strong></span> <span class='ocrx_word' id='word_1_224' title='bbox 1031 3298 1117 3362; x_wconf 82' lang='lat' dir='ltr'><strong>aliqua</strong></span> <span class='ocrx_word' id='word_1_225' title='bbox 1130 3315 1157 3345; x_wconf 86' lang='lat' dir='ltr'><strong>re</strong></span> <span class='ocrx_word' id='word_1_226' title='bbox 1168 3297 1226 3346; x_wconf 85' lang='lat' dir='ltr'><strong>alibi</strong></span> 
     </span>
     <span class='ocr_line' id='line_1_28' title="bbox 169 3376 1078 3444; baseline -0.001 -18"><span class='ocrx_word' id='word_1_227' title='bbox 169 3397 197 3426; x_wconf 81' lang='lat' dir='ltr'><strong>ea</strong></span> <span class='ocrx_word' id='word_1_228' title='bbox 207 3381 280 3428; x_wconf 81' lang='lat' dir='ltr'><strong>nimia</strong></span> <span class='ocrx_word' id='word_1_229' title='bbox 289 3381 386 3430; x_wconf 87' lang='lat' dir='ltr'><strong>videtur</strong></span> <span class='ocrx_word' id='word_1_230' title='bbox 394 3397 485 3428; x_wconf 84' lang='lat' dir='ltr'><strong>summa</strong></span> <span class='ocrx_word' id='word_1_231' title='bbox 498 3397 544 3444; x_wconf 91' lang='lat' dir='ltr'><strong>pro</strong></span> <span class='ocrx_word' id='word_1_232' title='bbox 558 3381 605 3428; x_wconf 85' lang='lat' dir='ltr'><strong>hoe</strong></span> <span class='ocrx_word' id='word_1_233' title='bbox 615 3392 675 3428; x_wconf 87' lang='lat' dir='ltr'><strong>tem·</strong></span> <span class='ocrx_word' id='word_1_234' title='bbox 720 3376 807 3424; x_wconf 78' lang='lat' dir='ltr'><strong>dixisse</strong></span> <span class='ocrx_word' id='word_1_235' title='bbox 820 3393 872 3424; x_wconf 88' lang='lat' dir='ltr'><strong>non</strong></span> <span class='ocrx_word' id='word_1_236' title='bbox 884 3377 1078 3436; x_wconf 76' lang='lat' dir='ltr'><strong>memin13Drak.</strong></span> 
     </span>
     <span class='ocr_line' id='line_1_29' title="bbox 168 3455 1225 3524; baseline -0.005 -17"><span class='ocrx_word' id='word_1_237' title='bbox 168 3474 243 3522; x_wconf 81' lang='lat' dir='ltr'><strong>pore3</strong></span> <span class='ocrx_word' id='word_1_238' title='bbox 254 3463 375 3507; x_wconf 89' lang='lat' dir='ltr'><strong>Gron..-</strong></span> <span class='ocrx_word' id='word_1_239' title='bbox 382 3459 468 3506; x_wconf 85' lang='lat' dir='ltr'><strong>Pondo</strong></span> <span class='ocrx_word' id='word_1_240' title='bbox 481 3460 672 3524; x_wconf 80' lang='lat' dir='ltr'><strong>qninquaginta,</strong></span> <span class='ocrx_word' id='word_1_241' title='bbox 754 3457 777 3504; x_wconf 84' lang='lat'><strong>8.</strong></span> <span class='ocrx_word' id='word_1_242' title='bbox 789 3458 892 3503; x_wconf 82' lang='lat' dir='ltr'><strong>lllunera</strong></span> <span class='ocrx_word' id='word_1_243' title='bbox 902 3456 949 3504; x_wconf 79' lang='lat' dir='ltr'><strong>siti</strong></span> <span class='ocrx_word' id='word_1_244' title='bbox 956 3456 1031 3521; x_wconf 65' lang='lat' dir='ltr'><strong>psum</strong></span> <span class='ocrx_word' id='word_1_245' title='bbox 1042 3455 1138 3514; x_wconf 81' lang='lat' dir='ltr'><strong>emisse,</strong></span> <span class='ocrx_word' id='word_1_246' title='bbox 1150 3457 1225 3502; x_wconf 89' lang='lat' dir='ltr'><strong>immo</strong></span> 
     </span>
     <span class='ocr_line' id='line_1_30' title="bbox 169 3534 929 3602; baseline 0.003 -18"><span class='ocrx_word' id='word_1_247' title='bbox 169 3537 276 3599; x_wconf 81' lang='lat' dir='ltr'><strong>scilicet,</strong></span> <span class='ocrx_word' id='word_1_248' title='bbox 288 3554 319 3584; x_wconf 81' lang='lat' dir='ltr'><strong>ex</strong></span> <span class='ocrx_word' id='word_1_249' title='bbox 334 3540 405 3587; x_wconf 85' lang='lat' dir='ltr'><strong>crev.</strong></span> <span class='ocrx_word' id='word_1_250' title='bbox 422 3539 572 3602; x_wconf 79' lang='lat' dir='ltr'><strong>rationibus,</strong></span> <span class='ocrx_word' id='word_1_251' title='bbox 589 3555 674 3586; x_wconf 79' lang='lat' dir='ltr'><strong>marca</strong></span> <span class='ocrx_word' id='word_1_252' title='bbox 718 3534 837 3592; x_wconf 82' lang='lat' dir='ltr'><strong>renuisse,·</strong></span> <span class='ocrx_word' id='word_1_253' title='bbox 851 3537 929 3582; x_wconf 88' lang='lat' dir='ltr'><strong>Gron.</strong></span> 
     </span>
     <span class='ocr_line' id='line_1_31' title="bbox 170 3614 1222 3681; baseline -0.001 -19"><span class='ocrx_word' id='word_1_254' title='bbox 170 3627 287 3663; x_wconf 79' lang='lat' dir='ltr'><strong>nostrates</strong></span> <span class='ocrx_word' id='word_1_255' title='bbox 297 3617 343 3675; x_wconf 85' lang='lat'><strong>78,</strong></span> <span class='ocrx_word' id='word_1_256' title='bbox 354 3618 425 3664; x_wconf 78' lang='lat' dir='ltr'><strong>uncia</strong></span> <span class='ocrx_word' id='word_1_257' title='bbox 440 3634 462 3664; x_wconf 88' lang='lat'><strong>1.</strong></span> <span class='ocrx_word' id='word_1_258' title='bbox 474 3621 521 3666; x_wconf 88' lang='lat' dir='ltr'><strong>Eo.</strong></span> <span class='ocrx_word' id='word_1_259' title='bbox 532 3619 614 3664; x_wconf 76' lang='lat' dir='ltr'><strong>-Esc</strong></span> <span class='ocrx_word' id='word_1_260' title='bbox 624 3635 674 3681; x_wconf 83' lang='lat' dir='ltr'><strong>qna</strong></span> <span class='ocrx_word' id='word_1_261' title='bbox 754 3630 779 3676; x_wconf 89' lang='lat'><strong>9.</strong></span> <span class='ocrx_word' id='word_1_262' title='bbox 795 3614 906 3676; x_wconf 72' lang='lat' dir='ltr'><strong>Polybius</strong></span> <span class='ocrx_word' id='word_1_263' title='bbox 919 3631 973 3661; x_wconf 86' lang='lat' dir='ltr'><strong>eum</strong></span> <span class='ocrx_word' id='word_1_264' title='bbox 986 3631 1066 3678; x_wconf 82' lang='lat' dir='ltr'><strong>regem</strong></span> <span class='ocrx_word' id='word_1_265' title='bbox 1083 3615 1207 3679; x_wconf 82' lang='lat' dir='ltr'><strong>indignum</strong></span> <span class='ocrx_word' id='word_1_266' title='bbox 1214 3650 1222 3671; x_wconf 91' lang='lat'><strong>,</strong></span> 
     </span>
     <span class='ocr_line' id='line_1_32' title="bbox 170 3693 1224 3760; baseline 0.001 -20"><span class='ocrx_word' id='word_1_267' title='bbox 170 3694 311 3758; x_wconf 67' lang='lat' dir='ltr'><strong>Masgabae,</strong></span> <span class='ocrx_word' id='word_1_268' title='bbox 326 3704 372 3741; x_wconf 84' lang='lat' dir='ltr'><strong>ete.</strong></span> <span class='ocrx_word' id='word_1_269' title='bbox 385 3695 436 3742; x_wconf 84' lang='lat' dir='ltr'><strong>rid.</strong></span> <span class='ocrx_word' id='word_1_270' title='bbox 450 3711 504 3758; x_wconf 86' lang='lat' dir='ltr'><strong>sup.</strong></span> <span class='ocrx_word' id='word_1_271' title='bbox 518 3711 571 3758; x_wconf 81' lang='lat' dir='ltr'><strong>cap.</strong></span> <span class='ocrx_word' id='word_1_272' title='bbox 584 3703 623 3750; x_wconf 72' lang='lat' dir='ltr'><strong>rt.</strong></span> <span class='ocrx_word' id='word_1_273' title='bbox 641 3722 675 3730; x_wconf 90' lang='lat'>-</span> <span class='ocrx_word' id='word_1_274' title='bbox 719 3704 768 3760; x_wconf 84' lang='lat' dir='ltr'><strong>etc.¹</strong></span> <span class='ocrx_word' id='word_1_275' title='bbox 780 3694 846 3740; x_wconf 85' lang='lat' dir='ltr'><strong>conf.</strong></span> <span class='ocrx_word' id='word_1_276' title='bbox 862 3693 950 3757; x_wconf 87' lang='lat' dir='ltr'><strong>Polyb.</strong></span> <span class='ocrx_word' id='word_1_277' title='bbox 965 3694 1054 3750; x_wconf 86' lang='lat' dir='ltr'><strong>XXX,</strong></span> <span class='ocrx_word' id='word_1_278' title='bbox 1069 3695 1099 3740; x_wconf 85' lang='lat'><strong>16</strong></span> <span class='ocrx_word' id='word_1_279' title='bbox 1112 3693 1163 3756; x_wconf 83' lang='lat' dir='ltr'><strong>(ex</strong></span> <span class='ocrx_word' id='word_1_280' title='bbox 1175 3710 1224 3757; x_wconf 89' lang='lat' dir='ltr'><strong>quo</strong></span> 
     </span>
     <span class='ocr_line' id='line_1_33' title="bbox 171 3771 1225 3836; baseline 0.001 -19"><span class='ocrx_word' id='word_1_281' title='bbox 171 3772 214 3817; x_wconf 80' lang='lat' dir='ltr'><strong>Ad</strong></span> <span class='ocrx_word' id='word_1_282' title='bbox 224 3773 332 3828; x_wconf 82' lang='lat' dir='ltr'><strong>classem,</strong></span> <span class='ocrx_word' id='word_1_283' title='bbox 345 3771 409 3818; x_wconf 80' lang='lat' dir='ltr'><strong>dono</strong></span> <span class='ocrx_word' id='word_1_284' title='bbox 420 3772 504 3818; x_wconf 80' lang='lat' dir='ltr'><strong>datam</strong></span> <span class='ocrx_word' id='word_1_285' title='bbox 524 3773 563 3828; x_wconf 85' lang='lat' dir='ltr'><strong>ei‚·</strong></span> <span class='ocrx_word' id='word_1_286' title='bbox 579 3789 610 3819; x_wconf 89' lang='lat' dir='ltr'><strong>ex</strong></span> <span class='ocrx_word' id='word_1_287' title='bbox 627 3773 674 3820; x_wconf 85' lang='lat' dir='ltr'><strong>hoc</strong></span> <span class='ocrx_word' id='word_1_288' title='bbox 719 3771 802 3820; x_wconf 84' lang='lat' dir='ltr'><strong>eadem</strong></span> <span class='ocrx_word' id='word_1_289' title='bbox 815 3771 846 3818; x_wconf 83' lang='lat' dir='ltr'><strong>ad</strong></span> <span class='ocrx_word' id='word_1_290' title='bbox 859 3771 958 3819; x_wconf 88' lang='lat' dir='ltr'><strong>verbum</strong></span> <span class='ocrx_word' id='word_1_291' title='bbox 967 3787 1036 3836; x_wconf 87' lang='lat' dir='ltr'><strong>paene</strong></span> <span class='ocrx_word' id='word_1_292' title='bbox 1046 3771 1225 3834; x_wconf 81' lang='lat' dir='ltr'><strong>descripserunt</strong></span> 
     </span>
     <span class='ocr_line' id='line_1_34' title="bbox 170 3847 1224 3914; baseline 0.005 -19"><span class='ocrx_word' id='word_1_293' title='bbox 170 3850 241 3908; x_wconf 89' lang='lat' dir='ltr'><strong>loco,</strong></span> <span class='ocrx_word' id='word_1_294' title='bbox 255 3849 366 3896; x_wconf 85' lang='lat' dir='ltr'><strong>observat</strong></span> <span class='ocrx_word' id='word_1_295' title='bbox 380 3849 462 3906; x_wconf 68' lang='lat' dir='ltr'><strong>Crem,</strong></span> <span class='ocrx_word' id='word_1_296' title='bbox 478 3851 498 3896; x_wconf 85' lang='lat' dir='ltr'><strong>si</strong></span> <span class='ocrx_word' id='word_1_297' title='bbox 514 3849 588 3896; x_wconf 88' lang='lat' dir='ltr'><strong>modo</strong></span> <span class='ocrx_word' id='word_1_298' title='bbox 604 3866 674 3896; x_wconf 83' lang='lat' dir='ltr'><strong>sanus</strong></span> <span class='ocrx_word' id='word_1_299' title='bbox 718 3847 821 3897; x_wconf 87' lang='lat' dir='ltr'><strong>Diodor.</strong></span> <span class='ocrx_word' id='word_1_300' title='bbox 836 3853 916 3914; x_wconf 84' lang='lat' dir='ltr'><strong>Legat.</strong></span> <span class='ocrx_word' id='word_1_301' title='bbox 932 3868 978 3910; x_wconf 71' lang='lat' dir='ltr'><strong>ra,</strong></span> <span class='ocrx_word' id='word_1_302' title='bbox 991 3862 1009 3896; x_wconf 91' lang='lat' dir='ltr'><strong>t.</strong></span> <span class='ocrx_word' id='word_1_303' title='bbox 1023 3853 1047 3896; x_wconf 89' lang='grc' dir='ltr'><strong>ΙΙ</strong></span> <span class='ocrx_word' id='word_1_304' title='bbox 1055 3887 1061 3909; x_wconf 90' lang='grc'><em>,</em></span> <span class='ocrx_word' id='word_1_305' title='bbox 1071 3868 1097 3914; x_wconf 87' lang='lat' dir='ltr'><strong>p.</strong></span> <span class='ocrx_word' id='word_1_306' title='bbox 1111 3851 1160 3897; x_wconf 79' lang='lat'><strong>625</strong></span> <span class='ocrx_word' id='word_1_307' title='bbox 1169 3887 1176 3910; x_wconf 90' lang='lat'><strong><em>‚</em></strong></span> <span class='ocrx_word' id='word_1_308' title='bbox 1186 3852 1224 3900; x_wconf 85' lang='lat' dir='ltr'><strong>ed.</strong></span> 
     </span>
     <span class='ocr_line' id='line_1_35' title="bbox 171 3926 1224 3994; baseline 0 -20"><span class='ocrx_word' id='word_1_309' title='bbox 171 3938 217 3985; x_wconf 86' lang='lat' dir='ltr'><strong>est,</strong></span> <span class='ocrx_word' id='word_1_310' title='bbox 238 3927 352 3974; x_wconf 85' lang='lat' dir='ltr'><strong>discimus</strong></span> <span class='ocrx_word' id='word_1_311' title='bbox 372 3926 451 3974; x_wconf 78' lang='lat' dir='ltr'><strong>datam</strong></span> <span class='ocrx_word' id='word_1_312' title='bbox 466 3944 516 3976; x_wconf 82' lang='lat' dir='ltr'><strong>esse</strong></span> <span class='ocrx_word' id='word_1_313' title='bbox 531 3945 543 3974; x_wconf 90' lang='lat' dir='ltr'><strong>a</strong></span> <span class='ocrx_word' id='word_1_314' title='bbox 559 3930 675 3976; x_wconf 60' lang='lat' dir='ltr'><strong>Ronmanis</strong></span> <span class='ocrx_word' id='word_1_315' title='bbox 718 3929 820 3976; x_wconf 82' lang='lat' dir='ltr'><strong>Wessel.</strong></span> <span class='ocrx_word' id='word_1_316' title='bbox 834 3941 857 3976; x_wconf 85' lang='lat' dir='ltr'><strong>et</strong></span> <span class='ocrx_word' id='word_1_317' title='bbox 869 3931 973 3994; x_wconf 82' lang='lat' dir='ltr'><strong>Appian.</strong></span> <span class='ocrx_word' id='word_1_318' title='bbox 987 3927 1099 3977; x_wconf 83' lang='lat' dir='ltr'><strong>Mithrid.</strong></span> <span class='ocrx_word' id='word_1_319' title='bbox 1112 3945 1165 3992; x_wconf 85' lang='lat' dir='ltr'><strong>cap.</strong></span> <span class='ocrx_word' id='word_1_320' title='bbox 1177 3927 1224 3992; x_wconf 83' lang='lat'><strong>2),</strong></span> 
     </span>
     <span class='ocr_line' id='line_1_36' title="bbox 171 4006 1224 4071; baseline 0.001 -18"><span class='ocrx_word' id='word_1_321' title='bbox 171 4007 260 4053; x_wconf 80' lang='lat' dir='ltr'><strong>Prusiae</strong></span> <span class='ocrx_word' id='word_1_322' title='bbox 272 4007 322 4070; x_wconf 83' lang='lat' dir='ltr'><strong>regi</strong></span> <span class='ocrx_word' id='word_1_323' title='bbox 333 4006 442 4064; x_wconf 81' lang='lat' dir='ltr'><strong>classem,</strong></span> <span class='ocrx_word' id='word_1_324' title='bbox 453 4023 483 4054; x_wconf 87' lang='lat' dir='ltr'><strong>ex</strong></span> <span class='ocrx_word' id='word_1_325' title='bbox 494 4007 596 4055; x_wconf 85' lang='lat' dir='ltr'><strong>navibus</strong></span> <span class='ocrx_word' id='word_1_326' title='bbox 607 4008 694 4054; x_wconf 69' lang='lat' dir='ltr'><strong>nimi·¹</strong></span> <span class='ocrx_word' id='word_1_327' title='bbox 718 4019 742 4056; x_wconf 88' lang='lat' dir='ltr'><strong>et</strong></span> <span class='ocrx_word' id='word_1_328' title='bbox 759 4010 891 4064; x_wconf 88' lang='lat' dir='ltr'><strong>XXXVII,</strong></span> <span class='ocrx_word' id='word_1_329' title='bbox 908 4025 939 4064; x_wconf 77' lang='lat' dir='ltr'><strong>a,</strong></span> <span class='ocrx_word' id='word_1_330' title='bbox 959 4007 1003 4056; x_wconf 87' lang='lat' dir='ltr'><strong>nbi</strong></span> <span class='ocrx_word' id='word_1_331' title='bbox 1019 4009 1068 4054; x_wconf 86' lang='lat' dir='ltr'><strong>vid.</strong></span> <span class='ocrx_word' id='word_1_332' title='bbox 1090 4008 1224 4071; x_wconf 84' lang='lat' dir='ltr'><strong>Schweigh.</strong></span> 
     </span>
     <span class='ocr_line' id='line_1_37' title="bbox 170 4079 1133 4150; baseline 0.002 -17"><span class='ocrx_word' id='word_1_333' title='bbox 170 4087 319 4133; x_wconf 79' lang='lat' dir='ltr'><strong>rum‘Perseo</strong></span> <span class='ocrx_word' id='word_1_334' title='bbox 329 4086 424 4148; x_wconf 85' lang='lat' dir='ltr'><strong>ereptis.</strong></span> <span class='ocrx_word' id='word_1_335' title='bbox 437 4087 481 4132; x_wconf 89' lang='lat' dir='ltr'><strong>En.</strong></span> <span class='ocrx_word' id='word_1_336' title='bbox 719 4087 749 4133; x_wconf 85' lang='lat' dir='ltr'><strong>de</strong></span> <span class='ocrx_word' id='word_1_337' title='bbox 762 4088 843 4134; x_wconf 83' lang='lat' dir='ltr'><strong>Prusia</strong></span> <span class='ocrx_word' id='word_1_338' title='bbox 856 4085 1031 4150; x_wconf 84' lang='lat' dir='ltr'><strong>patreetlllio.</strong></span> <span class='ocrx_word' id='word_1_339' title='bbox 1132 4079 1133 4082; x_wconf 22' lang='lat'>¹</span> 
     </span>
    </p>

    <p class='ocr_par' dir='ltr' id='par_1_9' title="bbox 207 4164 1223 4233">
     <span class='ocr_line' id='line_1_38' title="bbox 207 4164 1223 4233; baseline 0 -21"><span class='ocrx_word' id='word_1_340' title='bbox 207 4181 230 4223; x_wconf 86' lang='lat'><strong>7.</strong></span> <span class='ocrx_word' id='word_1_341' title='bbox 241 4164 302 4212; x_wconf 85' lang='lat' dir='ltr'><strong>Mire</strong></span> <span class='ocrx_word' id='word_1_342' title='bbox 322 4165 402 4212; x_wconf 75' lang='lat' dir='ltr'><strong>lectum</strong></span> <span class='ocrx_word' id='word_1_343' title='bbox 421 4177 446 4211; x_wconf 87' lang='lat' dir='ltr'><strong>et</strong></span> <span class='ocrx_word' id='word_1_344' title='bbox 468 4181 497 4212; x_wconf 86' lang='lat' dir='ltr'><strong>ea</strong></span> <span class='ocrx_word' id='word_1_345' title='bbox 518 4165 672 4231; x_wconf 71' lang='lat' dir='ltr'><strong>benignitate,</strong></span> <span class='ocrx_word' id='word_1_346' title='bbox 756 4181 795 4212; x_wconf 89' lang='lat'><strong>10.</strong></span> <span class='ocrx_word' id='word_1_347' title='bbox 805 4166 937 4225; x_wconf 82' lang='lat' dir='ltr'><strong>I’ilcatum,</strong></span> <span class='ocrx_word' id='word_1_348' title='bbox 947 4165 1026 4230; x_wconf 64' lang='lat' dir='ltr'><strong>capite</strong></span> <span class='ocrx_word' id='word_1_349' title='bbox 1035 4183 1118 4214; x_wconf 79' lang='lat' dir='ltr'><strong>raso...</strong></span> <span class='ocrx_word' id='word_1_350' title='bbox 1127 4182 1223 4233; x_wconf 66' lang='lat' dir='ltr'><strong>gcrem</strong></span> 
     </span>
    </p>
   </div>
   <div class='ocr_carea' id='block_1_9' title="bbox 0 0 1501 4712">
    <p class='ocr_par' dir='ltr' id='par_1_10' title="bbox 0 0 1501 4712">
     <span class='ocr_line' id='line_1_39' title="bbox 0 0 1501 4712; baseline 0 0"><span class='ocrx_word' id='word_1_351' title='bbox 0 0 1501 4712; x_wconf 95' lang='lat' dir='ltr'><strong> </strong></span> 
     </span>
    </p>
   </div>
  </div>
 </body>
</html>
