2966 4708
196 379 1254 412 mmmmmfflmmmmmffl

479 647 982 758 PRAEMONITIO

564 929 617 975 AD
650 927 865 974 LECTOREM

254 1161 312 1223 nn
343 1157 589 1262 alumnam
618 1107 877 1221 arnauldum
904 1152 1194 1218 Tarusatium.
1228 1235 1232 1242 ἱ

477 1410 978 1448 ψ

236 1656 324 1732 Quod
345 1670 492 1736 superest,
515 1669 670 1734 antequam
693 1654 729 1714 ad
759 1654 869 1714 indices
897 1654 1033 1714 Livianos
1060 1668 1257 1728 transcamus,

199 1753 378 1832 obligatam,
404 1771 491 1831 supra
514 1773 579 1832 pag.
599 1761 673 1824 lta,
698 1741 783 1810 lidem
808 1750 958 1810 exsolvere
982 1751 1134 1827 volumus„
1150 1754 1256 1812 Nescio

198 1872 325 1932 quonam
345 1850 482 1928 singulari
503 1851 562 1908 sato
578 1850 684 1908 factum
699 1849 752 1922 sit,
774 1861 806 1907 ut
820 1847 990 1908 Hannibalis
1009 1837 1133 1919 itinera,
1147 1863 1258 1928 tempo-

198 1969 263 2008 rum
289 1962 373 2007 nocte
395 1947 578 2020 obscurata,¹
593 1947 624 2005 in
648 1945 784 2024 ambiguo
803 1946 1021 2024 relinquantur,
1043 1945 1145 2024 quasi,
1167 1967 1258 2024 quum

198 2065 333 2104 romanos
346 2045 435 2104 duces
453 2044 579 2117 falleret,
599 2044 685 2103 etiam
705 2057 837 2123 posteros
853 2042 988 2122 decipere
1002 2043 1127 2101 voluerit
1140 2044 1261 2103 callidis·

198 2143 286 2202 simus
303 2143 470 2222 imperator.
490 2146 554 2200 lam
574 2142 650 2199 enim
669 2142 699 2198 in
716 2140 803 2218 hujus
818 2139 943 2198 Livianae
963 2139 1098 2198 editionis
1114 2141 1261 2200 volumine

201 2247 252 2314 IV,
267 2261 297 2319 p.
315 2239 387 2313 475,
403 2239 440 2299 de
455 2239 579 2319 Alpibus
595 2238 633 2298 ab
653 2258 688 2298 eo
710 2238 854 2318 superatis
875 2239 938 2298 fuse
958 2238 1165 2297 disseruimus:
1184 2259 1262 2298 nuuc

199 2356 270 2396 vero
286 2357 345 2415 qua
360 2353 442 2417 parte
457 2338 643 2416 Apenninum
659 2336 884 2409 transcenderit,
898 2336 974 2394 inter
984 2336 1086 2394 doctos
1098 2334 1261 2415 ambigitur.

201 2440 239 2493 At
259 2453 327 2492 ecce
346 2435 534 2512 quaestionem
551 2433 723 2513 jampridem
747 2455 782 2492 ac
804 2435 961 2493 solenniter
984 2434 1078 2492 minus
1097 2446 1263 2506 tractatam,

199 2549 294 2608 neque
308 2530 375 2587 satis
390 2530 512 2588 feliciter
523 2532 722 2609 explanatam,
738 2531 860 2608 arripuit
872 2531 919 2588 vir
933 2528 988 2609 (r),
1001 2550 1060 2587 non
1077 2531 1172 2588 minus
1187 2531 1264 2589 anti-

200 2623 316 2704 quitatis
333 2645 420 2703 quam
433 2639 544 2684 naturae
562 2647 649 2705 sagax
668 2641 698 2684 et
716 2628 845 2686 literatus
858 2625 1020 2704 indagator,
1036 2628 1111 2685 Clar.
1125 2631 1261 2702 Cnvran,

201 2724 283 2802 cujus
300 2742 404 2781 nomen
419 2723 637 2800 pronuntiatum
659 2723 689 2779 in
707 2743 737 2781 se
758 2724 873 2781 laudem
887 2721 1146 2800 splendidissimam
1164 2724 1263 2785 hahet.

201 2822 231 2881 Si
247 2835 342 2880 autem
359 2819 408 2876 illa
425 2820 472 2877 sax
492 2818 676 2876 eruditissimi
694 2819 800 2897 ingenii
818 2818 1088 2877 uou'dillicultatem
1101 2822 1263 2891 sustulerit,

200 2918 267 2996 quis
280 2936 405 2996 unquam
422 2914 531 2974 nodum
544 2927 655 2972 tentare
669 2935 792 2973 ausurus
806 2917 867 2974 esti

960 3050 997 3105 Ν.
1018 3051 1052 3106 E.
1072 3052 1220 3108 Lunai.

241 3288 281 3354 (r)
298 3288 442 3339 Reclcmltrs
455 3304 497 3336 rar
514 3285 546 3335 les
563 3294 690 3334 ornaments
700 3281 795 3346 fossiles
806 3282 837 3330 de
847 3282 1034 3347 Quadrupddrr,
1043 3303 1071 3349 p.
1087 3284 1132 3348 87,
1141 3296 1198 3334 tom.
1209 3285 1231 3334 1.
