2970 4712
253 349 324 418 380
678 352 715 416 T.
748 352 884 420 LIVll

249 465 318 538 sibi
335 468 455 562 gloriae
474 468 685 564 quesitum,
700 471 914 567 etpotuisse
930 495 967 541 se
983 469 1166 558 desinere,
1187 472 1226 540 ni
1245 473 1322 543 ani-

252 601 331 646 mus
350 578 491 673 inquies
509 592 717 675 pasceretur
734 603 853 677 opere.

304 707 367 755 Plin.
376 710 403 755 in
414 709 508 757 Praelat.
523 709 566 757 lib.
578 711 590 756 I
602 709 667 758 Hist.
678 711 736 758 Nat.

264 823 266 828 ¹
298 846 338 911 T.
356 843 478 912 Livius
492 867 532 913 ac
545 846 665 940 Nepos
678 844 867 914 Cornelius
881 842 1078 916 latitudinis
1095 841 1202 940 (freti
1218 846 1321 918 Gadi-

250 951 350 1047 tani)
370 950 615 1040 tradiderunt,
638 951 702 1024 ubi
727 955 931 1042 minimum,
951 968 1088 1056 septem
1105 954 1218 1026 millia
1238 981 1319 1054 pas·

247 1087 375 1162 suum3
395 1062 460 1133 ubi
478 1088 565 1134 vero
583 1063 799 1161 plurimum,
818 1064 944 1136 decern
960 1064 1081 1134 millia.

305 1199 367 1251 Pliu.
379 1201 451 1250 Praef.
463 1201 506 1250 lib.
521 1202 559 1250 111
569 1201 635 1250 Hist.
646 1202 704 1250 Nat.

302 1334 497 1432 Completis
516 1333 735 1407 consulibus.

307 1464 373 1512 Serv.
387 1464 419 1512 ad
429 1464 499 1528 Virg.
511 1465 601 1528 Goorg.
611 1467 648 1512 111
658 1501 665 1527 ,
681 1479 703 1512 1.

300 1609 419 1681 Verba
429 1626 530 1698 sunt,
542 1627 585 1681 ut
594 1610 770 1681 habemus
782 1612 820 1679 in
831 1611 951 1696 Livio,
967 1612 1193 1708 imperatoris
1207 1626 1318 1683 trans·

214 1766 216 1772 ,
256 1719 377 1819 fugam
401 1722 605 1819 recipientis
621 1722 658 1790 in
676 1718 809 1791 fidem:
829 1721 1001 1817 Quisquis
1019 1745 1075 1808 es,
1102 1735 1226 1793 noster
1240 1723 1316 1793 eris.

307 1852 374 1898 Serv.
387 1851 418 1899 ad
429 1852 498 1915 Virg.
509 1854 562 1900 AEn.
576 1855 613 1909 11,
630 1852 687 1905 148.

301 2000 472 2097 Impubes
486 2000 659 2098 libripens
673 2024 748 2072 esse
762 2024 838 2072 non
853 2014 990 2096 potest,
1005 2025 1126 2098 neque
1141 2002 1315 2072 antestari.

307 2131 423 2178 Priscian.
435 2131 478 2180 lib.
488 2132 551 2182 VIII
563 2133 672 2180 Gramm.
682 2145 707 2193 p.
721 2143 780 2190 792·
798 2129 834 2176 Dc
853 2143 923 2176 sensu
938 2127 1026 2179 horum
1040 2127 1173 2178 verborum
1188 2127 1245 2176 vide
1257 2129 1319 2176 viros

257 2211 344 2259 doctos
359 2212 392 2260 ad
411 2214 463 2262 Caii
478 2213 586 2262 Institut.
599 2214 616 2262 l.
633 2230 660 2270 r,
677 2212 716 2258 tit.
730 2212 762 2270 6,
778 2229 803 2274 p.
815 2212 856 2272 57,
870 2211 913 2270 ta,
924 2222 947 2259 et
961 2213 1025 2275 inpr.
1035 2211 1138 2261 Gerard.
1152 2213 1284 2262 Mearman.
1293 2213 1318 2258 in

254 2295 318 2344 Diss.
330 2294 360 2343 de
371 2295 443 2342 rebus
454 2295 561 2360 mancipi
572 2307 596 2344 ct
605 2312 650 2344 nec
661 2294 780 2358 maurim,
801 2293 816 2358 S
827 2295 877 2342 268
893 2304 917 2341 et
931 2294 990 2354 ²73·

300 2440 560 2531 Imperatorem
585 2457 641 2504 me
663 2447 778 2508 mater
802 2454 900 2516 mea,
924 2457 999 2504 non
1020 2429 1233 2501 bellatorem
1253 2456 1315 2528 pe-

257 2558 359 2642 perit.

306 2677 360 2723 Hoc
372 2673 494 2736 Scipionis
506 2672 599 2720 dictum
610 2689 641 2719 cx
651 2672 721 2719 Livio
733 2671 818 2718 afferre
830 2669 926 2716 videtur
936 2668 1072 2716 Guilelmus
1084 2668 1320 2726 Mdmeaburiensb,

255 2759 313 2805 Rer,
325 2757 400 2820 Angl.
411 2755 453 2802 lib.
464 2757 501 2812 11,
517 2755 543 2819 p.
555 2756 612 2803 162.
642 2812 644 2816 Ι

303 2898 370 2967 Dic
388 2895 495 2981 mihi,
517 2919 632 2990 quum
650 2917 741 2989 saepe
760 2916 913 2963 numero
933 2893 970 2960 in
988 2892 1148 2961 romanis
1165 2890 1320 2962 historiis

255 3006 403 3102 legatur,
426 3006 525 3074 Livio
542 3016 707 3091 auctore,
730 3003 920 3100 saepissime
940 3003 975 3070 in
996 2999 1063 3075 hao
1082 3001 1182 3074 Urbe
1200 3018 1322 3073 exorta

189 3139 194 3144 ·
256 3101 456 3210 pestilentia
479 3109 617 3181 infinita
636 3108 826 3181 hominum
845 3110 956 3181 millia
979 3110 1190 3208 deperiisse,
1214 3127 1321 3208 atque

255 3249 299 3293 eo
317 3221 525 3319 frequenter
546 3235 715 3304 ventum,
736 3235 777 3291 ut
798 3222 856 3290 viii
876 3235 988 3305 esset,
1010 3218 1109 3292 unde
1128 3221 1197 3292 illis
1219 3219 1322 3292 belli-

256 3334 348 3402 cosis
374 3330 600 3428 temporibus
633 3333 809 3402 exercitus
842 3331 1017 3427 potuisset
1049 3327 1227 3414 adscribi,
1261 3330 1322 3400 illo

254 3456 419 3539 tempore
449 3441 517 3510 deo
549 3455 614 3510 tuo
642 3437 838 3511 Februario
869 3441 1018 3509 minime
1048 3438 1243 3539 litabatur?
1268 3447 1321 3510 Au

257 3555 363 3622 etiam
383 3552 500 3622 cultus
515 3550 574 3622 hic
593 3552 742 3621 omnino
759 3548 849 3619 nihil
863 3547 1056 3646 proderat?
1076 3547 1144 3618 Illo
1159 3563 1323 3646 tempore

256 3661 463 3758 Lupercalia
481 3685 556 3730 non
576 3659 874 3731 celebrabantur?
889 3660 965 3730 Nec
981 3659 1076 3728 enim
1091 3657 1253 3729 dicturus
1267 3683 1323 3745 es,

256 3770 331 3840 baec
349 3795 447 3840 sacra
460 3770 578 3840 adhuc
595 3770 656 3840 illo
677 3785 849 3866 tempore¹
860 3792 935 3836 non
952 3768 1124 3864 coepisse,
1145 3791 1226 3864 quae
1241 3783 1323 3838 ante

256 3881 449 3952 Romulum
474 3879 519 3950 ab
544 3877 718 3953 Evandro,
735 3881 772 3948 iu
797 3877 934 3948 Italiam
954 3873 1193 3974 perhibentur
1217 3875 1322 3946 illata.

258 3990 468 4087 Lupercalia
490 4003 611 4059 autem
634 4003 783 4086 propter
802 3985 891 4084 quid
915 3987 1074 4056 instituta
1097 3986 1168 4055 sint
1186 3984 1323 4081 (quan-

257 4115 335 4170 tum
356 4099 399 4169 ad
426 4098 537 4196 ipsius
563 4101 825 4196 superstitionis
849 4112 1051 4170 commenta
1072 4110 1274 4192 respectant
1289 4097 1327 4206 )ἶ
