2984 4706
266 376 330 468 194
694 373 731 439 r.
766 372 906 440 mvn
1172 350 1299 455 etat:

260 518 397 590 cessum
421 508 483 564 est.
506 497 684 562 Eumenes
712 491 757 562 ad
781 490 967 562 consulem
985 493 1146 586 navigat,
1173 493 1328 589 granna-

258 619 334 690 tus,
349 603 449 699 quod
462 626 634 700 prospere
649 601 897 674 Macedoniam
911 602 1095 690 intrasset,
1112 590 1325 700 Pergamum

258 716 295 783 in
314 737 466 810 regnum
484 710 567 784 abit.
590 713 743 784 Marcius
762 711 907 808 Figulus
924 724 1069 807 prator,
1089 726 1189 808 parte
1205 712 1328 786 classis

257 825 295 895 in
325 821 476 900 hiberna
509 820 692 892 Sciathum
718 821 851 904 missa,
884 843 966 890 cum
998 818 1145 915 reliquis
1172 819 1326 893 navibus

257 935 392 1004 Oreum
409 929 576 1006 ssoeotiae⁵
596 933 705 1028 petit,
724 928 953 1002 eam-,urbem
972 931 1188 1028 aptissimam
1204 947 1326 1018 ratus,

256 1040 354 1112 unde
372 1039 604 1127 exercitibus,
620 1043 683 1136 qui
704 1042 742 1110 in
757 1039 987 1126 Macedonia,
1006 1039 1144 1137 quique
1157 1042 1195 1112 in
1210 1040 1325 1112 Thes·

255 1151 339 1232 salia
369 1167 491 1239 erant,
522 1151 615 1220 mitti
645 1164 868 1222 commeatus
894 1165 1051 1248 possent.
1081 1154 1136 1222 De
1161 1155 1324 1224 Eumene

254 1265 339 1359 rege
360 1260 466 1360 longe
485 1260 623 1332 diversa
641 1258 799 1332 tradunt.
820 1262 856 1330 Si
874 1259 1018 1332 Valerio
1033 1261 1166 1332 Antiati
1180 1260 1322 1350 credas,

254 1395 321 1442 nec
342 1371 451 1442 classe
469 1370 632 1467 adjutum
656 1368 701 1440 ab
719 1395 764 1442 eo
781 1386 971 1467 praetorem
986 1392 1081 1456 esse,
1099 1396 1212 1467 quum
1229 1396 1323 1469 saepe

253 1505 336 1554 eum
353 1481 464 1552 literis
479 1481 697 1566 arcessisset,
713 1479 839 1566 tradit;
860 1502 926 1552 nec
943 1505 1026 1554 cum
1043 1483 1159 1578 gratia·
1168 1480 1214 1552 ab
1232 1505 1322 1558 con-

252 1592 329 1662 sule
343 1589 546 1688 profectum
559 1591 597 1662 in
609 1591 743 1675 Asiam,
754 1589 996 1687 indignatum,
1012 1591 1130 1688 quod,
1142 1607 1185 1662 ut
1193 1592 1321 1663 iisdem

253 1704 376 1778 castris
390 1700 572 1796 tenderet,
586 1701 800 1797 permissum
818 1725 892 1770 non
907 1699 1036 1771 luerit:
1053 1725 1099 1771 ne
1119 1715 1161 1771 ut
1180 1702 1322 1797 equites

252 1808 401 1906 quidem
426 1808 565 1894 Gallos,
586 1833 679 1904 quos
699 1833 820 1880 secum
843 1807 1057 1896 adduxerat,
1078 1809 1319 1909 relinqueret,

251 1925 435 2022 impetrari
452 1922 497 1994 ab
519 1948 563 1994 eo
582 1925 759 2020 potuisse:
779 1923 933 1994 Attalum
952 1922 1099 1994 fratrem
1117 1924 1194 2019 ejus
1210 1941 1247 1996 et
1264 1951 1320 1997 re·

252 2033 421 2106 mansisse
454 2030 550 2130 apud
583 2033 768 2104 consulem
785 2040 808 2115 ,¹
830 2047 866 2103 et
897 2035 1072 2105 sinceram
1104 2035 1181 2130 ejus
1208 2034 1318 2107 tidem

250 2140 379 2235 aquali
393 2138 543 2210 tenore⁶
557 2142 809 2238 egregiamque
822 2167 969 2240 operam
979 2145 1017 2214 in
1029 2169 1074 2216 eo
1087 2144 1184 2218 bello
1198 2145 1316 2218 fuisse.

296 2253 390 2319 XIV.
428 2253 523 2320 Dum
558 2249 693 2322 bellum
727 2252 765 2320 in
794 2251 1006 2324 Macedonia
1032 2255 1183 2351 geritur,
1211 2254 1319 2352 legati

250 2357 472 2457 Transalpini
492 2358 539 2430 ab
559 2359 695 2455 regulo
709 2360 897 2432 Gallorum
919 2363 1094 2451 (Balanos
1113 2365 1225 2461 ipsius
1245 2379 1316 2435 tra-

250 2468 347 2540 ditur
371 2493 527 2557 nomen;
550 2472 688 2566 gentis,
715 2495 759 2540 ex
783 2495 855 2567 qua
882 2471 1010 2560 fiterit,
1028 2498 1102 2544 non
1121 2475 1316 2570 traditur),

249 2583 399 2651 Romam
424 2595 618 2667 venerunt,
643 2579 856 2676 pollicentes
878 2581 923 2653 ad
944 2582 1215 2654 Macedonicum
1236 2582 1316 2653 bel·

249 2687 324 2760 lum
339 2688 478 2760 auxilia.
496 2689 625 2762 Gratiae
637 2688 683 2759 ab
695 2704 823 2760 senatu
836 2704 939 2777 actae,
954 2715 1175 2787 muneraque
1191 2681 1314 2780 missa,

248 2800 388 2894 torquis
407 2823 540 2870 aureus
554 2798 628 2870 duo
647 2799 771 2896 pondo
784 2812 809 2887 ¹,
826 2816 862 2871 et
875 2815 1006 2897 pateras
1024 2815 1316 2897 aureaequatuor

250 2908 390 3005 pondo,
408 2935 525 3006 equus
538 2909 764 3008 phaleratus,
787 2933 956 3006 annaque
976 2911 1165 3006 equestria.
1183 2912 1313 2981 Secun-

247 3125 280 3133 -—
295 3099 453 3156 Gratulatus,
473 3082 536 3150 forta
552 3100 740 3166 gratulatusque
747 3119 756 3158 ,·
838 3102 862 3148 6.
874 3101 976 3165 AEquali
996 3110 1090 3155 tartara,
1115 3100 1309 3160 continmtlon03

246 3187 288 3224 attt
294 3179 450 3241 gratulatum
455 3180 496 3226 vel
501 3180 679 3244 gratulaturus,
691 3179 760 3244 quod
803 3175 858 3226 alde
868 3177 899 3225 ad
908 3176 942 3240 V,
952 3179 982 3236 5,
996 3195 1020 3225 n.
1036 3178 1060 3226 5.

244 3271 270 3317 p.
290 3257 324 3304 tt.
344 3257 475 3314 intrassem
494 3245 639 3322 Pergamum
657 3257 714 3304 iada
731 3257 757 3304 in
836 3259 898 3306 Gir.
912 3259 981 3304 xtv.
1002 3273 1023 3305 r.
1038 3256 1139 3320 Tarqm't
1156 3269 1246 3304 aureus
1261 3257 1311 3304 duo

247 3347 348 3396 regnum
359 3335 428 3392 abin
438 3335 513 3386 Drak.
527 3338 611 3385 roua
621 3336 692 3384 etlam
701 3346 757 3400 post
798 3337 899 3398 pondo,
915 3338 1025 3387 Gronov.
1050 3335 1080 3383 de
1101 3337 1156 3388 Pae.
1166 3335 1221 3382 Vct.
1240 3337 1268 3392 1,
1287 3351 1311 3395 7,

246 3410 347 3475 navigat
363 3412 420 3460 addi
442 3425 480 3469 et,
503 3425 543 3461 aut
564 3406 689 3478 vulgatum
707 3430 755 3461 ser·
800 3432 825 3479 p.
842 3417 889 3473 36,
906 3413 1000 3463 emend.
1015 3415 1155 3479 duapondo.
1171 3415 1311 3477 Duapondo

246 3490 307 3540 vrri.
799 3507 879 3542 autem
901 3506 927 3542 et
945 3493 1080 3558 trepondo,
1101 3508 1205 3557 quorum
1225 3494 1310 3548 vocab,

275 3570 306 3617 ⁴5:
316 3572 404 3617 Oreum
414 3569 526 3626 Boeotia,
535 3571 695 3619 somonam
705 3573 756 3619 Eu·
799 3572 910 3620 meminit
918 3579 922 3586 '
931 3572 1037 3634 Quintil.
1057 3573 1144 3620 lustin·
1152 3573 1219 3619 Orat.
1239 3573 1266 3631 1,
1285 3573 1309 3633 5,

245 3648 318 3707 boeoet
348 3661 390 3697 aut
413 3645 520 3714 Orbpum
548 3650 668 3705 navem,-
690 3650 754 3697 Gro·
798 3661 868 3715 putat
885 3665 931 3715 pro
950 3651 1012 3698 duas
1021 3651 1107 3715 pando
1122 3661 1147 3698 et
1163 3661 1210 3697 tres
1225 3651 1310 3713 pondo

244 3740 301 3775 aar.
313 3729 378 3777 tttad
390 3727 569 3793 praeferendum
584 3739 636 3775 tum
651 3735 753 3790 propter
797 3727 858 3788 atet,
871 3730 994 3778 intellecta
1004 3745 1065 3778 voce
1075 3729 1158 3777 libras.
1169 3728 1207 3776 Cf.
1217 3729 1308 3778 XXX,

244 3819 410 3870 oppommum
432 3807 483 3856 looi
504 3807 596 3864 situm,
620 3817 672 3853 tum
695 3805 752 3868 qul!
798 3825 872 3867 21,n.
886 3808 1309 3872 1.En.-ou0p0na0aesttmat'crs

244 3886 434 3946 Gir-'Octavium
456 3885 545 3934 Marcii
566 3885 677 3950 pretoria
697 3899 751 3930 tuo·
796 3905 846 3937 ver,
860 3887 938 3936 tn‘bas
952 3876 1221 3944 marois'nostratibus,
1236 3887 1307 3935 uncia

245 3978 339 4019 remor,
356 3967 443 4012 Oreum
458 3965 495 4012 ad
506 3967 606 4012 clusam
621 3963 690 4012 vertit
697 3979 708 4020 ;
718 3963 751 4010 ef.
795 3983 858 4023 πως
874 3979 981 4031 quatuor
985 3966 1070 4030 pondo
1085 3983 1129 4014 sex
1144 3965 1245 4024 marola,
1258 3981 1306 4032 un·

243 4043 343 4104 capa-’oo
361 4059 398 4106 pr.
417 4045 504 4090 Oreum
521 4043 607 4090 Bottia
621 4041 673 4091 MS*
685 4041 752 4104 quod
797 4046 952 4094 rilsduabus.
964 4041 1305 4109 Em-Eqnuspdal'tratus,·

239 4137 271 4172 ex
285 4120 353 4175 Oroi]
361 4127 460 4173 Errboeoe
472 4125 564 4176 laetum
577 4137 620 4174 ost·
796 4123 1054 4184 videad11,46,n.
1070 4124 1110 4172 16.
