2966 4708
305 373 373 446 562
693 379 976 448 EXCURSUS

302 517 499 594 properasse.
519 496 615 560 Nunc
633 514 740 560 autem
757 521 821 586 qua
834 500 884 562 via
898 499 1151 587 propeFaesulas
1165 508 1362 592 pervenerit,

302 598 420 687 quibus
447 619 589 660 emersus
610 597 800 684 paludibus,
818 622 881 686 qua
910 616 1001 687 parte
1022 603 1185 689 Apennini
1201 623 1360 693 superata,

302 697 512 789 quaerendum
533 711 591 762 est.

344 803 431 880 Nos,
449 817 486 863 ut
504 800 544 862 de
560 799 621 862 hac
636 799 733 862 altera
751 799 873 886 itineris
887 815 977 887 parte
990 800 1112 889 aliquid
1127 805 1205 866 certi
1222 803 1361 894 denique

301 897 508 984 haberemus,
519 900 600 964 nihil
618 900 716 966 satius
731 921 799 963 esse
813 899 1039 982 judicavimus,
1055 925 1153 989 quam
1166 904 1360 992 Polybium,

298 1004 445 1084 Livium,
462 1003 688 1088 Nepotemque
704 1001 886 1089 perlegere,
914 1016 1012 1088 atque
1032 1001 1089 1065 ubi
1115 1004 1168 1067 ille
1190 1004 1358 1091 deficeret,

298 1105 417 1168 horum
438 1101 591 1170 adhibere
611 1100 804 1166 testimonia.
829 1102 1023 1189 Quanquam
1046 1105 1141 1168 multi
1163 1106 1289 1172 Livium
1309 1132 1359 1174 ar-

298 1220 398 1292 guant
414 1203 495 1266 nihil
514 1202 601 1266 aliud
619 1224 718 1293 quam
735 1202 862 1290 Polybii
877 1205 1049 1267 sententias
1065 1207 1166 1271 latino
1182 1209 1359 1297 exprimere

296 1303 546 1385 sermone,ideo
559 1295 648 1391 quod
663 1305 800 1392 plurima
812 1326 830 1366 e
840 1304 976 1394 Polybio
990 1307 1100 1388 sumit,
1112 1309 1155 1376 ita
1171 1325 1209 1374 ut
1223 1311 1359 1378 verbum

295 1408 394 1472 verbo
416 1430 499 1496 saepe
516 1405 693 1472 reddidisse
715 1405 879 1488 videatur,
907 1407 1059 1473 credibile
1080 1426 1129 1474 est
1152 1427 1261 1475 tamen
1288 1436 1356 1477 non

295 1532 400 1573 unum
426 1509 456 1575 ei
482 1507 654 1596 Polybium
680 1524 845 1573 auctorem
871 1505 970 1573 luisse
998 1530 1109 1572 earum
1136 1533 1246 1575 rerum
1278 1534 1357 1597 quas

207 1663 210 1668 .
296 1608 504 1690 memorarit,
521 1624 554 1671 et
576 1607 730 1672 scribenti
745 1609 804 1672 alia
826 1625 943 1698 praesto
964 1609 1062 1674 fuisse
1083 1612 1219 1693 auxilia;
1238 1634 1309 1699 quae
1328 1615 1356 1678 si

294 1711 506 1791 defecissent,
530 1709 745 1773 narrationem
770 1711 897 1799 Polybii
912 1712 1059 1798 plurimis
1085 1736 1153 1777 non
1175 1717 1356 1779 ornavisset

293 1811 462 1892 adjunctis,
478 1809 611 1874 minime
628 1809 760 1899 quidem
775 1809 999 1900 aspernandis,
1015 1835 1162 1901 quaeque,
1176 1839 1279 1904 quum
1297 1820 1369 1880 cae·'
1469 1799 1470 1840 ³

293 1931 369 1978 terae
386 1912 561 1977 narrationi
580 1913 725 2010 apprime
742 1913 952 1994 conveniant,
971 1913 1047 1976 falsa
1064 1914 1156 1978 nullo
1175 1914 1273 1980 modo
1292 1915 1357 1980 dici

291 2029 439 2100 possunt.
783 2080 785 2089 ,
915 2053 918 2057 -

334 2115 509 2202 Postquam
534 2114 658 2195 Livius,
676 2113 730 2179 lib.
757 2115 854 2195 XXI,
872 2137 941 2203 cap.
968 2113 1020 2202 57,
1047 2116 1162 2181 factam
1187 2118 1356 2184 Placentiae

292 2214 490 2304 deditionem
509 2214 714 2295 narravisset,
736 2236 853 2302 easque
874 2215 973 2280 fuisse
991 2215 1143 2282 hibernas
1168 2219 1355 2284 Hannibalis

291 2313 528 2400 expeditiones,
550 2312 640 2378 addit
662 2315 770 2397 illum,
785 2345 797 2370 «
810 2314 851 2379 ad
868 2317 972 2403 prima
989 2340 1027 2382 ac
1048 2299 1147 2382 dubia
1162 2319 1245 2382 veris
1264 2317 1355 2409 signa

289 2415 488 2504 profectum,
504 2415 539 2477 in
558 2415 720 2480 Etruriam
738 2416 854 2488 milites
871 2417 1018 2500 duxisse,
1038 2441 1107 2482 eam
1128 2440 1261 2507 quoque.
1275 2442 1356 2507 gen·

291 2533 374 2598 tem,
401 2517 486 2582 sicut
510 2515 617 2581 Gallos
642 2516 863 2606 Ltsnnnsque,
883 2534 938 2582 aut
953 2518 1003 2599 vi,
1024 2535 1081 2583 aut
1105 2520 1273 2584 voluntate
1297 2520 1354 2584 ad-

289 2611 489 2698 junctarum.
505 2649 518 2674 ν
539 2617 688 2708 Legenda
704 2635 754 2682 est
772 2619 969 2706 tempestatis
992 2618 1183 2708 descriptio,
1206 2642 1277 2706 quae
1290 2643 1354 2684 co-

288 2736 419 2786 nantem
440 2720 625 2808 Apenninus
648 2733 775 2784 montes
794 2720 929 2783 transire
952 2721 1169 2785 Hannibalem
1188 2719 1352 2788 deterruit.

288 2823 390 2885 Tanta
412 2823 459 2885 vis
476 2821 568 2884 mixti
582 2836 680 2884 rento
698 2820 828 2903 imbris3
854 2821 936 2884 tanti
955 2823 1124 2910 strepentis
1142 2823 1209 2886 caeli
1227 2826 1354 2890 sonitus

289 2939 321 2986 et
344 2922 532 2986 micantium
554 2921 679 3010 ignium
704 2919 863 3010 fragores3
891 2937 1017 2989 tantum
1043 2925 1163 2987 nivosae
1187 2924 1353 3011 grandinis

289 3023 424 3106 decidit,
459 3022 605 3110 adeoque
640 3022 828 3088 miserabilis
857 3023 1031 3086 hominum
1061 3025 1354 3109 jumentorumque

287 3142 424 3215 strages,
440 3141 477 3188 ut
500 3124 642 3212 ipsarum
672 3124 802 3212 Alpium
822 3123 995 3188 loeditatem
1020 3147 1122 3213 prope
1142 3125 1351 3211 superaverit.

287 3257 300 3281 «
315 3225 474 3306 Biduum,
488 3225 593 3312 inquit
607 3225 731 3306 Livius,
746 3225 817 3313 ipso
832 3223 904 3306 illo,
917 3246 984 3311 quo
1001 3223 1193 3312 deprehensi
1207 3223 1351 3306 lucrant,

285 3329 358 3392 loco
375 3326 463 3390 velut
476 3326 599 3390 obsessi
616 3347 783 3408 mansere;
799 3317 831 3389 et
849 3341 924 3414 post
941 3316 1147 3414 elephantos,
1167 3326 1224 3411 qui
1240 3326 1351 3413 praelio

285 3427 325 3495 ad
342 3427 493 3492 Trebiam
510 3426 595 3491 sacto
612 3426 854 3515 superfuerant,
870 3427 912 3491 ad
930 3450 1034 3491 unum
1050 3423 1248 3514 absumptos,
1264 3428 1352 3491 Han·

283 3529 370 3594 nibal
391 3543 479 3592 retro
500 3526 668 3617 degressus
686 3528 859 3616 Apennino
884 3527 926 3591 ad
953 3527 1146 3614 Placentiam
1174 3525 1288 3608 rediit,
1317 3544 1351 3591 et

283 3646 414 3723 postero
433 3629 503 3711 die,
528 3627 705 3694 secundum
724 3650 867 3718 pugnam
887 3629 1072 3718 ingentibus
1096 3629 1229 3709 animis,
1260 3629 1351 3691 vario

285 3749 422 3814 eventu,
439 3754 515 3796 cum
528 3730 677 3796 hostibus
692 3729 910 3814 commissam,
925 3731 959 3795 in
976 3753 1039 3818 qua
1054 3751 1231 3795 concursus
1245 3729 1352 3792 acrior

285 3857 381 3921 quam
400 3833 501 3898 caedes
520 3847 552 3896 et
567 3831 672 3896 clades
691 3831 861 3920 utriusque
875 3832 972 3920 partis
988 3849 1112 3920 aequata
1130 3832 1207 3912 luit,
1224 3831 1353 3895 Hanni-

285 3937 371 4001 nibal
383 3938 417 4001 in
430 3938 589 4016 chnnns,
605 3934 814 4024 Sempronius
832 3935 952 3999 Lucam
970 3924 1158 4001 concessit.»

327 4038 402 4102 Haec
413 4036 530 4102 deinde
538 4036 646 4100 Livius
657 4036 704 4100 de·
710 4037 871 4123 Apennini
883 4037 1030 4119 transitu,
1042 4034 1134 4100 initio
1147 4033 1220 4098 libri
1229 4032 1328 4096 XXII
1340 4055 1347 4095 :

283 4169 295 4191 «
308 4140 377 4204 Jam
393 4161 449 4202 ver
467 4138 653 4226 appetebat,
667 4159 769 4227 quum
785 4137 946 4204 Hannibal
962 4161 1001 4206 ex
1017 4136 1162 4202 hibernis
1179 4132 1294 4210 movit,
1313 4147 1349 4194 et
