2970 4712
660 323 698 388 T.
724 321 852 388 LIVII
883 347 885 352 ·

591 565 657 632 AD
689 565 785 632 LIB.
820 564 922 630 CIX.

273 783 407 864 Caesar,
425 777 612 850 Rubicone
632 776 779 847 flumine
795 790 1036 863 transmeato,
1057 800 1142 846 mox
1159 791 1197 846 ut
1210 779 1287 846 Ari-

224 889 363 958 minum
380 889 494 975 venit‚
511 890 676 984 quinque
687 887 884 974 cohorteS,
904 911 993 982 quas
1010 901 1098 957 tunc
1118 885 1210 956 solas
1223 885 1287 956 ha-

224 997 354 1086 bebat,
380 1023 461 1070 cum
485 996 639 1096 quibus,
662 1011 703 1069 ut
730 999 778 1068 ait
801 998 939 1085 Livius,
964 995 1089 1068 orbem
1111 1010 1287 1067 terrarum

226 1106 371 1180 adortus
392 1125 464 1194 est,
487 1107 576 1205 quid
592 1106 685 1178 facto
704 1131 796 1205 opus
817 1121 927 1194 esset,
948 1107 1102 1178 edocuit.

277 1247 395 1306 orosvr,
406 1247 444 1294 15.
458 1273 493 1282 -
505 1245 571 1293 taem
581 1232 792 1293 menclaum
801 1245 1035 1322 minaturum,
1043 1248 1100 1294 ner.
1112 1245 1186 1308 mgr.
1196 1243 1240 1292 nn.
1251 1245 1289 1302 11,

227 1347 251 1393 p.
267 1331 328 1378 183:
342 1332 405 1378 sorte
415 1346 467 1378 non
478 1347 508 1378 ex
521 1331 603 1384 Livio,
617 1330 660 1378 sod
673 1330 770 1376 Orosio.

590 1537 658 1602 an
690 1489 786 1607 ite.
822 1535 923 1602 cxl.

275 1749 415 1816 Primus
435 1746 575 1816 hostem
593 1746 769 1842 percussit
787 1770 903 1842 nuper
921 1745 995 1842 pilo
1010 1759 1156 1842 sumpto
1172 1747 1292 1842 primo

231 1863 267 1928 C.
289 1857 481 1926 Crastinus.

284 1993 368 2042 schol.
382 2005 430 2041 vet.
450 1994 624 2052 Lucani,VII‚
649 2002 707 2054 471.
730 2021 764 2029 —
788 1993 926 2050 Crastinus,
945 1994 987 2054 qui
1007 2007 1072 2039 anno
1091 1994 1173 2055 prlore
1186 1992 1292 2057 primum

231 2077 307 2140 pilum
319 2076 434 2135 duxerat,
443 2079 536 2140 prImus
549 2078 623 2125 telum
636 2077 715 2125 emisit
724 2079 750 2124 in
761 2092 843 2142 pugna
853 2077 996 2124 Pharsalica.
1010 2076 1101 2124 -Vid
1113 2077 1220 2142 Appian.
1233 2075 1294 2124 Bell.

233 2161 285 2206 Cir.
299 2161 337 2217 Il,
353 2161 393 2206 82.
405 2186 439 2195 --
451 2159 515 2208 Plnt.
530 2161 590 2209 Caes.
602 2177 629 2225 p.
643 2176 700 2222 729.
716 2189 750 2200 κ
764 2160 824 2208 Caes.
836 2160 896 2208 Bell.
907 2159 960 2210 Civ.
971 2162 1020 2217 111,
1031 2175 1074 2221 91,
1085 2175 1127 2223 99.

281 2301 412 2372 Patavii
441 2305 477 2372 C.
504 2300 713 2384 Cornelius,
742 2301 920 2398 auguralis
948 2302 1103 2374 scientiae
1133 2302 1293 2398 peritus,

232 2411 323 2482 Liuii
344 2411 502 2482 historici
523 2411 608 2481 civis
625 2426 661 2482 et
678 2410 877 2498 familiaris,
900 2411 967 2483 sub
985 2411 1079 2482 idem
1096 2411 1188 2483 forte
1208 2429 1295 2483 tem·

233 2545 301 2618 pus
327 2546 474 2618 operam
499 2521 607 2592 dabat
629 2523 799 2619 auspicio,
824 2523 888 2592 Hic
911 2523 1087 2618 primum,
1113 2538 1154 2595 ut
1175 2525 1296 2596 Livius

232 2630 357 2719 tradit,
379 2646 522 2728 tempus
540 2630 652 2729 praelii
673 2626 914 2727 (Pharsalici)
934 2633 1121 2729 cognovit,
1144 2657 1295 2731 praesen-

235 2740 402 2837 tibusque
416 2741 491 2836 geri
504 2740 592 2812 dixit
603 2766 704 2812 nunc
718 2766 795 2812 rem
809 2796 818 2827 ,
841 2756 877 2811 et
891 2741 1052 2837 praelium
1068 2740 1176 2814 duces
1195 2768 1296 2815 com-

235 2855 386 2926 mittere.
409 2851 481 2922 Ubi
499 2851 627 2922 iterum
652 2854 747 2949 cepit
764 2852 954 2948 augurium
972 2855 1240 2950 conspexitque·
1253 2856 1297 2924 si·

236 2987 319 3060 gna,
332 2960 504 3032 fanaticus
521 2962 650 3033 exsiliit
665 2962 840 3033 clamans:
858 2963 994 3046 Vincis,
1013 2967 1138 3033 Caesar.
1159 2961 1296 3035 Obstu-

237 3069 466 3167 pescentibus
483 3070 570 3157 illis,
590 3072 653 3167 qui
675 3070 839 3159 aderant,
863 3071 1020 3144 detracta
1038 3075 1146 3170 capiti
1165 3099 1298 3144 corona

233 3182 384 3277 juravit,
407 3205 481 3250 non
509 3182 609 3277 prius
634 3205 670 3252 se
695 3183 937 3278 repositurum
966 3207 1069 3272 eam,
1093 3209 1202 3280 quam
1230 3187 1297 3256 arti

184 3333 185 3340 .
237 3289 480 3389 respondisset
495 3306 654 3361 eventus.
674 3297 751 3361 Hoc
764 3293 885 3362 Livius
903 3317 1025 3364 verum
1041 3319 1117 3364 esse
1133 3292 1297 3364 affirmat.

184 3438 189 3450 ‘
290 3429 353 3478 Plut.
365 3429 391 3475 In
405 3430 464 3477 Caes.
477 3443 502 3490 p.
514 3427 572 3486 73⁰·
583 3455 616 3464 -
629 3429 701 3476 Conf.
713 3427 822 3476 FreInsh.
836 3430 1243 3492 snppt.cxt,72.-Ge11.xv,
1259 3435 1298 3478 18.

239 3542 273 3550 -
285 3517 373 3562 Lucan.
383 3516 447 3569 VII,
462 3527 517 3574 192.
532 3539 564 3548 —
575 3513 623 3560 Dio
635 3525 660 3560 et
671 3513 764 3578 Obseq.

590 3710 656 3777 AD
686 3712 782 3778 LIB.
816 3714 943 3780 CXII.

285 3917 554 4011 Quadringenta
570 3917 681 3987 millia
695 3917 870 3990 librorum
890 3919 1104 3990 Alexandriae
1114 3937 1302 4008 arserunt,

236 4027 519 4125 pulcherrimum
548 4029 650 4122 regiae
679 4028 872 4124 opulentiae
899 4030 1171 4100 monimentum.
1201 4031 1301 4102 Alius
