2982 4702
267 407 333 477 116
670 401 707 466 T·
739 399 880 482 LIVH.
1172 379 1292 480 titt&

310 531 429 599 LXVI.
450 527 572 612 'Quum
586 521 623 589 in
637 531 834 617 conspectu
848 517 962 614 prima
979 518 1076 612 signa
1090 541 1237 588 suorum
1254 523 1318 590 cir·

263 636 449 710 cumsessis
464 631 628 716 fuerunt,
645 629 816 700 Romanis
834 625 981 722 quidem
995 624 1041 696 ab
1054 626 1181 696 ultima
1197 627 1319 725 despe-

262 749 401 819 ratione
425 755 606 814 recreatus
631 753 685 809 est
710 738 872 808 animus:
893 741 1060 825 Perseus,
1086 739 1144 808 cui
1163 740 1319 834 primum

263 859 428 929 omnium
446 853 580 936 fuerat,
600 864 659 936 ut,
678 860 872 919 contentus
893 845 1042 918 fortuito
1060 871 1247 930 successu,
1265 873 1319 920 ca-

262 970 334 1068 ptis
352 965 490 1061 aliquot
513 956 834 1031 frumentatoribus
859 957 1076 1053 occisisque,
1094 981 1171 1026 non
1189 971 1320 1034 tereret

262 1093 406 1174 tempus
423 1074 462 1142 in
479 1069 667 1141 obsidione
682 1065 857 1164 praesidii3
877 1065 1093 1154 secundum,
1113 1091 1155 1138 ea
1173 1091 1320 1164 quoqne

260 1199 397 1260 tentata
416 1197 637 1276 utcumque,
658 1201 771 1274 quum
796 1178 902 1248 sciret
926 1177 1016 1247 nibil
1037 1176 1178 1249 roboris
1198 1203 1320 1250 secum

263 1321 360 1384 esse,
375 1294 463 1365 dum
478 1291 602 1361 liceret
617 1290 769 1373 intacto,
789 1285 886 1358 abire
897 1298 925 1373 ¹3
941 1287 1067 1384 etipse
1083 1286 1241 1357 bostium
1259 1287 1319 1358 ad·

262 1422 431 1491 ventum,
449 1402 563 1473 elatus
585 1422 770 1486 successu,
786 1399 933 1484 mansit,
953 1411 1008 1485 et,
1026 1401 1090 1494 qui
1108 1399 1320 1496 phalangem

262 1525 497 1598 arcesserent,
516 1531 670 1608 propere
690 1508 796 1578 misit.
822 1509 903 1596 Qua
928 1521 964 1577 et
989 1507 1117 1594 serius,
1139 1532 1247 1604 quam
1266 1531 1320 1580 res

262 1623 484 1728 postulabat,
499 1635 535 1692 et
552 1620 683 1716 raptim
699 1631 798 1702 acta,
813 1615 949 1687 turbati
962 1640 1069 1687 cursu
1085 1616 1255 1688 adversus
1268 1619 1320 1687 in-

262 1753 416 1810 structos
435 1748 471 1804 et
487 1742 704 1829 praeparatos
727 1742 828 1798 eraut
848 1725 1045 1797 adventuri.
1068 1727 1202 1798 Consul
1221 1742 1319 1800 ante·

261 1849 410 1919 veniens
427 1839 609 1936 extemplo
630 1837 791 1935 praelium
811 1837 1002 1907 conseruit.
1026 1839 1143 1908 Primo
1157 1839 1320 1910 resistere

262 1953 497 2040 Macedones3
521 1945 673 2030 deinde,
694 1961 736 2016 ut
756 1945 855 2016 nulla
873 1969 913 2015 re
930 1969 1033 2042 pares
1050 1961 1170 2034 erant,
1186 1950 1320 2018 amissis

262 2065 432 2138 trecentis
445 2057 645 2160 peditibus,
665 2058 793 2155 viginti
812 2070 969 2152 quatuor
986 2055 1204 2153 primoribus
1218 2059 1320 2154 equi-

264 2191 342 2245 tum
360 2198 404 2243 ex
422 2171 496 2257 ala,
520 2192 629 2265 quam
649 2173 790 2238 Sacram
809 2175 978 2252 vocant²‚
1001 2167 1094 2235 inter
1113 2191 1204 2263 quos
1224 2169 1320 2239 Anti·

123 2301 127 2311 '
194 2358 199 2370 ,
262 2284 411 2356 machus
430 2280 536 2350 etiarn
557 2275 744 2373 praefectus
763 2275 826 2346 alae
847 2274 991 2362 cecidit,
1013 2274 1112 2348 abire
1132 2294 1317 2349 conantur.

263 2403 440 2470 Caeterum
466 2391 535 2459 iter
559 2410 674 2484 prope
704 2388 783 2483 ipso
811 2386 934 2483 praelio
961 2387 1216 2459 tumultuosius
1242 2387 1318 2459 fuit.

261 2504 443 2589 Phalanx,
455 2495 519 2568 abs
531 2494 674 2592 trepido
689 2495 819 2564 nuntio
834 2497 962 2583 accita,
977 2521 1090 2592 quum
1109 2499 1239 2594 raptim
1258 2498 1319 2570 du·

263 2627 417 2698 ceretur,
430 2609 548 2707 primo
559 2607 597 2674 in
612 2604 783 2701 angustiis
795 2606 1019 2702 captivorum
1033 2603 1186 2703 agrnini³
1197 2607 1320 2680 oblata

263 2722 507 2816 vehiculisque
532 2714 716 2786 frumento
741 2716 889 2786 onustis.
914 2717 961 2786 Iis
986 2718 1101 2804 caesis,
1123 2719 1249 2814 ingens
1270 2717 1320 2789 ibi

256 2895 259 2922 Ι

298 2954 455 3009 cintxvl.
470 2967 492 2999 1.
503 2952 568 2996 Dum
583 2949 664 2997 liceret
673 2945 721 2996 sibi
736 2948 770 2995 iu·
812 2950 874 2996 feras
890 2947 922 2995 ad
936 2947 1068 3006 vehicula,
1080 2949 1189 3016 ineptum
1207 2963 1258 3013 est,
1269 2952 1319 3000 sive

265 3049 347 3094 caeto,
362 3033 431 3082 abire
444 3049 454 3089 ,⁰
467 3029 519 3078 vid.
537 3031 672 3087 ll,12,n.
687 3043 715 3073 11
727 3037 771 3084 ,et
812 3028 844 3076 ad
857 3027 979 3092 captivos,
993 3043 1079 3093 parum
1090 3029 1231 3088 verisimile3
1246 3033 1317 3079 Creu.

264 3121 296 3174 V,
316 3115 365 3175 25,
384 3128 409 3160 n.
433 3106 623 3166 t.-Hostium
641 3105 770 3153 adveutum
814 3107 922 3154 -Frid
937 3107 1036 3156 Jacobs.
1049 3108 1115 3170 apud
1125 3108 1204 3157 Goell,
1217 3125 1243 3171 p,
1257 3111 1319 3170 391,

265 3193 371 3249 mamili·
381 3189 437 3238 Vide
445 3188 477 3235 δᾶ
488 3189 524 3245 II,
534 3194 567 3242 40
576 3221 583 3245 v
591 3201 617 3232 ¹1·
633 3190 655 3239 l·
814 3185 942 3249 legendum
972 3185 1108 3249 suspicatur
1119 3199 1126 3233 τ
1156 3185 1319 3250 vehiculisque

299 3288 324 3319 a.
335 3272 377 3316 Eu
391 3268 448 3323 ala,
464 3281 539 3329 quam
548 3266 649 3312 Sacram
664 3275 771 3321 areaun-
807 3262 933 3329 frumento
950 3265 1054 3320 onustis,
1074 3265 1151 3328 iisque
1166 3265 1259 3323 densis,
1280 3267 1318 3314 iu-

264 3373 276 3391 «
286 3352 335 3412 jam
345 3347 453 3403 mentio,
466 3345 500 3392 ait
509 3341 651 3400 Cretonius,
664 3343 726 3390 facta
734 3351 771 3390 est
811 3359 871 3406 gens
882 3342 916 3390 iti
922 3377 929 3400 ,
943 3355 990 3391 eto.
1006 3343 1049 3390 ubi
1061 3359 1175 3406 apparere
1188 3346 1234 3402 alt,
1246 3345 1319 3394 rerba

265 3431 391 3476 Sacrorum
401 3425 492 3472 alarum
505 3438 577 3486 supra
591 3437 644 3484 cap.
654 3422 701 3477 58,
718 3437 771 3467 rur-
814 3419 889 3484 iisque
899 3421 991 3479 densis,
1000 3436 1052 3470 non
1059 3422 1112 3469 sine
1120 3439 1190 3470 causa
1196 3424 1269 3472 fuisse
1277 3423 1319 3472 ad·

266 3521 354 3570 susque
367 3502 410 3552 fiet
423 3502 485 3549 infra
496 3502 540 3550 lib.
550 3502 644 3559 mv,
661 3514 714 3562 cap.
729 3507 770 3554 42.
814 3499 872 3546 din.
881 3503 910 3547 ln
919 3516 973 3548 raro
979 3501 1044 3548 enirn
1050 3500 1217 3561 vehiculorum
1226 3504 1320 3566 agmine

265 3585 420 3649 Suspieamur
441 3571 495 3627 illas
514 3578 622 3642 equitum
640 3577 689 3625 alas
707 3577 771 3626 circa
814 3577 902 3625 milites
910 3577 1029 3641 fugientes
1037 3595 1088 3628 sese
1097 3581 1273 3643 perintemlla
1282 3598 1320 3630 ῃ.

263 3669 343 3732 ipsum
357 3677 437 3726 regern
449 3657 531 3708 solitas
544 3674 594 3704 asse
610 3672 733 3721 pugnare,
749 3658 772 3704 si
815 3655 898 3719 pedire
914 3658 1065 3720 potuissent,
1085 3658 1127 3721 qui
1146 3675 1228 3721 nune,
1247 3660 1320 3707 &nso

265 3743 355 3794 tuendo
373 3739 497 3805 speciatim
518 3736 640 3794 addictas,
662 3736 727 3784 unde
748 3747 772 3784 et
815 3733 863 3782 illis
873 3735 958 3783 ordire
970 3753 1015 3800 per
1025 3737 1147 3800 angustias
1159 3737 1235 3796 actis,
1249 3739 1319 3786 κὴρ.

263 3825 323 3888 ipsis
341 3823 442 3869 fortasse
455 3819 584 3864 Sacrurruu
601 3830 690 3862 nomen
707 3815 772 3863 indi·
813 3825 910 3890 meuter
919 3817 1076 3864 vexabantur.
1086 3817 1165 3866 Facile
1177 3829 1257 3865 autem
1267 3807 1319 3884 iis'q‘.

178 3963 181 3968 Ι
265 3915 318 3950 tum
327 3922 348 3948 υ.
361 3899 408 3948 Sed
418 3896 468 3944 vid.
478 3895 711 3952 xxxv11,ao‚n.
723 3895 747 3940 6.
814 3893 877 3944 desis
886 3893 912 3939 in
924 3894 952 3942 iis
962 3896 1029 3944 cresis
1040 3895 1167 3959 depravari
1177 3898 1266 3960 potuit.
1276 3901 1319 3947 En,

300 3983 325 4028 3.
341 3978 494 4042 Captivorum
506 3971 598 4038 agruim¹
609 3972 710 4029 obluta,¹
719 3973 769 4020 vid.
813 4000 848 4012 -
862 3974 951 4037 Ingens
970 3973 1071 4021 matio
1086 3975 1168 4038 pani,
1181 3977 1319 4041 utriusq&

264 4061 297 4118 V,
310 4060 354 4116 13,
364 4073 390 4105 n.
400 4057 468 4104 8.-
478 4054 513 4101 lis
522 4053 600 4109 cusu,
618 4063 664 4101 sto.
676 4051 770 4115 aliquid
813 4064 864 4101 tum
878 4050 1020 4115 phalangis,
1038 4064 1090 4100 tum
1100 4053 1265 4114 cretensium,
1279 4058 1319 4119 qui

264 4136 347 4199 mendi
368 4134 408 4182 bic
426 4133 497 4186 latet:
515 4132 565 4180 sive
581 4131 646 4179 enim
656 4131 723 4180 eoesis
734 4147 770 4179 re-
814 4131 967 4180 deduoebaut
986 4133 1095 4194 captivos
1109 4143 1133 4180 et
1146 4134 1259 4196 praedam.
1273 4136 1317 4183 En,
