2984 4706
1168 339 1192 374 A.
1205 335 1231 375 C.
1246 338 1287 375 ms.

257 384 325 454 272
683 361 721 426 T.
755 361 893 428 LIVII
1168 396 1286 442 nemu.

251 478 310 577 pli
324 480 498 549 dicantur.
522 478 562 549 Si
581 479 784 574 confideret
798 479 975 564 Evander,
995 484 1183 548 innoxium
1205 503 1245 548 se
1266 483 1322 546 rei

256 588 419 686 capitalis
433 595 554 682 argui,
567 594 707 658 ueniret
721 589 775 658 ad
784 613 932 658 causam
948 587 1161 657 dicendam:
1175 592 1209 656 si
1220 611 1318 656 com-

257 705 393 768 mittere
403 698 588 792 sejudicio
602 722 675 768 non
689 699 854 782 auderet,
871 696 1038 767 liberaret
1049 696 1220 792 religione
1233 712 1319 765 tem-

247 807 375 905 plum,
401 833 446 878 oc
473 807 713 904 sibimetipse
738 807 945 878 consuleret.
972 812 1144 893 Perseus,
1168 821 1319 876 evocato
1400 823 1404 829 '

255 917 422 988 Evandro
432 915 458 1004 ⁵,
470 917 644 1012 judicium
660 916 839 988 subeundi
854 917 954 986 nullo
968 929 1072 1012 pacto
1082 930 1208 986 auctor
1222 939 1316 985 esse:

256 1053 321 1099 nec
337 1047 466 1112 causa,
487 1044 552 1098 nec
565 1033 686 1123 gratia
698 1029 923 1123 paremfore
940 1025 1110 1122 (suberat
1123 1040 1158 1096 et
1171 1025 1232 1095 ille
1244 1050 1317 1094 me·

254 1154 332 1220 tus,
351 1163 398 1208 ne
417 1137 605 1208 damnatus
623 1141 807 1207 auctore'm
827 1161 864 1208 se
882 1133 1028 1208 nefandi
1045 1133 1211 1205 facinoris
1228 1159 1316 1232 pro-

256 1245 412 1318 traheret
423 1248 454 1342 );
467 1246 597 1343 reliqui
611 1247 703 1343 quid
714 1263 819 1332 esset,
834 1252 906 1317 nisi
917 1247 1106 1336 uts'ortiter
1118 1247 1317 1315 moriatur?

255 1358 351 1428 Nihil
367 1357 485 1455 palam
504 1356 663 1427 abnuere
682 1355 868 1428 Evander:
886 1354 948 1428 sed
966 1379 1098 1451 quum,
1118 1379 1260 1425 veneno
1278 1379 1315 1424 se

256 1467 360 1538 malle
374 1469 484 1552 mori,
504 1490 613 1562 quam
630 1464 747 1554 ferro,
766 1465 932 1553 dixisset,
954 1466 1094 1535 occulte
1111 1463 1232 1560 fugam
1251 1489 1313 1561 pa·

254 1575 366 1648 rabat.
385 1576 493 1665 Quod
512 1601 624 1672 quum
641 1577 889 1646 renuntiatum
907 1577 982 1672 regi
999 1590 1111 1660 esset,
1130 1589 1313 1656 metuens,

256 1711 323 1773 ne,
343 1700 515 1781 tanquam
538 1709 558 1754 a
582 1709 619 1756 se
638 1683 822 1756 subtracto
841 1710 958 1782 poenae
980 1710 1061 1771 rec,
1081 1686 1169 1754 iram
1194 1689 1314 1755 Samo·

256 1795 420 1866 thracum
435 1795 473 1865 in
492 1819 529 1865 se
545 1809 788 1881 converteret,
809 1793 963 1866 interfici
979 1794 1184 1865 Evandrum
1197 1795 1312 1889 jussit.

252 1909 333 1996 Qua
358 1919 562 2002 perpetrata
592 1921 727 1976 temere
756 1905 870 1992 caede,
902 1904 1011 1976 subiit
1037 1905 1216 2001 extemplo
1239 1905 1313 1974 ani-

254 2037 377 2100 mum,
403 2015 441 2083 in
464 2037 501 2084 se
523 2014 692 2084 nimirum
715 2029 896 2112 receptam
917 2012 1074 2100 Iabem⁶,
1100 2040 1179 2110 quae
1201 2019 1314 2084 Evan-

256 2123 311 2192 dri
335 2119 484 2192 suisset:
513 2120 558 2192 ab
587 2122 650 2193 illo
677 2123 826 2220 Delphis
849 2124 1076 2194 vulneratum
1095 2128 1312 2211 Eumenem,

256 2232 301 2303 ab
320 2255 357 2302 se
375 2232 612 2302 Samothracae
634 2232 842 2304 Evandrum
868 2234 1044 2320 occisum,
1063 2235 1112 2302 ita
1134 2233 1207 2302 duo
1232 2257 1312 2302 san-

256 2344 409 2414 ctissima
431 2345 467 2412 in
492 2344 595 2414 terris
613 2344 784 2440 temptat,
808 2368 845 2414 se
863 2368 940 2414 uno
958 2355 1124 2426 auctore,
1143 2343 1312 2438 sanguine

257 2455 417 2524 humano
434 2452 576 2522 violata.
598 2453 713 2547 Hujus
729 2455 782 2523 rei
799 2455 951 2539 crimen,
971 2468 1143 2549 corrupto
1164 2453 1313 2550 pecunia

256 2559 449 2646 Theonda,
474 2563 665 2648 avertitur,
692 2577 733 2632 ut
763 2564 987 2634 renuntiaret
1012 2562 1171 2659 populu,
1199 2567 1311 2632 Evan-

256 2672 363 2743 drum
381 2671 449 2743 sibi
466 2675 584 2770 ipsum
603 2687 757 2743 mortem
776 2675 962 2745 conscisse.

304 2789 364 2854 VI.
393 2787 570 2855 Caeterum
598 2797 700 2854 tauto
727 2781 886 2855 facinore
912 2785 950 2852 in
974 2785 1122 2853 unicum
1148 2781 1311 2854 relictum

294 2990 317 3036 5.
337 2991 436 3037 Perseus
451 2999 550 3036 evocato
569 2988 701 3044 Evandro,
718 3000 764 3036 etc.
844 2987 871 3036 6.
881 2991 911 3035 In
924 2999 949 3036 se
961 2988 1073 3036 nimirum
1085 3001 1206 3053 receptam
1217 2989 1312 3044 labem,-

259 3070 321 3117 Iorte
334 3067 491 3123 sevocato,'I.
505 3083 528 3114 e.
539 3083 648 3115 seorsum
661 3079 765 3126 vocato,
809 3067 865 3116 vide
876 3067 906 3115 ad
919 3069 945 3114 11
954 3101 962 3126 ,
971 3075 1020 3126 44,
1031 3084 1057 3116 n.
1071 3069 1095 3117 5.

257 3159 285 3196 ut
298 3162 354 3196 cum
372 3146 441 3204 solo,
454 3162 504 3193 non
522 3147 636 3194 audiente
647 3146 765 3194 Theonda
846 3148 934 3208 7.Duo
953 3146 1105 3194 sanctusima
1124 3147 1149 3194 iu
1167 3144 1236 3194 εεπίε
1258 3156 1311 3192 tem-

257 3227 297 3274 vel
308 3227 357 3274 alto
376 3225 482 3284 arbitro,
496 3225 690 3289 colloqueretur;
705 3229 765 3274 Dra-
808 3225 853 3288 plo
862 3243 872 3283 ,·
880 3226 945 3273 conf.
955 3242 982 3273 n.
995 3241 1020 3272 α.
1027 3253 1062 3262 -
1070 3226 1121 3273 Sibi
1130 3225 1206 3290 ipsm
1216 3235 1311 3271 mortem

257 3304 330 3352 kanb.
342 3306 483 3351 Sevocatum
494 3305 527 3351 ab
540 3304 639 3360 amicis,
655 3305 724 3352 areIut
733 3305 769 3352 ad
810 3305 928 3352 conscisse
932 3322 942 3361 ,⁴
951 3304 1033 3352 multae
1042 3304 1188 3353 recentiores
1197 3303 1311 3351 editiones

258 3393 373 3431 secretum
381 3398 525 3440 sermonem,
537 3381 665 3451 interfici&
675 3384 766 3431 Justin.
810 3385 941 3447 praeIeruut
953 3383 1108 3441 conscivisse,·
1124 3393 1216 3431 veteres
1235 3393 1311 3430 nutem

259 3461 405 3519 XXXVIII,
418 3477 441 3519 1,
453 3461 496 3509 ubi
504 3461 556 3509 vid.
566 3462 643 3510 Gron.
653 3474 678 3510 et
686 3463 765 3510 Graev.
809 3477 879 3526 paene
900 3477 984 3511 omnes
1002 3461 1132 3519 conscisso,
1152 3462 1220 3525 quod
1239 3461 1312 3510 faten-

258 3540 402 3589 Conieratur
417 3555 515 3602 quoque
528 3540 615 3589 Cicero
629 3541 659 3588 de
673 3542 765 3601 nial,
809 3541 868 3589 dum
886 3552 921 3592 est
937 3544 1019 3606 potius
1037 3558 1050 3588 a
1067 3558 1140 3589 manu
1156 3541 1220 3588 Livii
1234 3542 1311 3605 proie-

260 3622 306 3681 so,
319 3630 343 3667 ct
353 3619 421 3668 Curt.
435 3621 477 3677 X,
493 3637 521 3680 7,
536 3636 561 3666 n.
577 3620 617 3667 18.
627 3647 661 3658 -
670 3620 767 3684 Reliqui
809 3632 888 3679 ctum,
901 3621 944 3684 qui
961 3621 1091 3668 contractis
1103 3620 1151 3667 illis
1162 3619 1245 3676 scisse,
1257 3635 1310 3666 con·

259 3698 321 3764 quid
328 3709 399 3756 essct,
413 3697 488 3745 immo
499 3713 565 3755 esse,
575 3709 604 3746 ut
612 3699 765 3763 praesum
809 3700 879 3748 scisse
890 3701 928 3749 oti
936 3703 1031 3749 amavit.
1039 3702 1097 3764 Sup.
1105 3703 1148 3758 111,
1163 3715 1207 3762 19,
1215 3699 1238 3747 si
1244 3698 1310 3762 eapt-

257 3793 313 3824 nam
335 3778 387 3825 haec
409 3793 508 3841 quoquc
533 3778 607 3826 verbu
631 3779 711 3826 Persei
734 3780 766 3827 ad
810 3779 894 3827 talium
903 3779 935 3826 ab
944 3778 1065 3827 exsulibus
1076 3779 1195 3826 obsessum
1203 3777 1310 3833 scissent,-
1329 3841 1331 3844 Ι

257 3855 413 3915 Evandrum,
431 3866 456 3903 ct
468 3856 526 3903 hinc
540 3856 582 3903 itu
598 3857 696 3904 suberat
701 3891 760 3907 .....
809 3861 936 3917 XXXIII,
953 3875 1001 3921 29,
1017 3857 1170 3922 Zeuxippum
1179 3857 1309 3922 principem

253 3932 410 3995 protraheret
423 3936 594 3999 parcnthmos
608 3936 675 3984 notis
687 3936 765 3984 inclu-
806 3937 886 4002 gentis
899 3936 927 3984 id
929 3937 1032 4004 facinus
1046 3936 1180 3992 comcissc;
1201 3937 1249 3991 48,
1269 3934 1311 3982 aiii

256 4009 336 4060 denda
350 4024 422 4072 sunu
436 4015 530 4073 Gron.‚
541 4015 618 4063 Drak.
635 4026 661 4062 et
675 4017 762 4065 Bauer.
789 4015 896 4081 ,fugam
906 4015 1147 4081 consensefhrebant.
1161 4015 1233 4064 eous.
1253 4016 1308 4061 Dra·

258 4092 298 4154 De=
304 4107 327 4138 v.
333 4091 488 4154 protraheret
497 4093 643 4155 vttxtw,
653 4095 695 4153 26,
707 4110 731 4144 n.
742 4111 766 4142 1.‘
808 4095 882 4145 keah.
890 4096 920 4144 ad
929 4097 954 4144 h.
962 4096 979 4145 1.
992 4105 1017 4143 et
1028 4096 1058 4144 ad
1067 4097 1118 4154 Vl,
1131 4098 1178 4154 18,
1188 4095 1204 4159 §
1219 4110 1256 4144 10.
1267 4097 1307 4143 En.
