2984 4706
270 384 340 456 206
537 469 540 474 ,
688 389 726 451 T.
760 385 901 452 Ltvll
1183 365 1307 471 335323:

269 510 331 580 dio
344 515 439 578 circa
453 507 678 602 Lychnidum
694 513 781 576 satis
798 504 943 575 validus
957 505 1251 595 eaemz'tusforet‚
1266 529 1335 602 po·

258 623 378 708 ⁴tuisse
391 622 540 713 ancipiti
549 614 641 686 bello
655 616 823 686 distinere
833 617 989 709 regem4:
1000 639 1098 682 nunc
1107 628 1145 683 et
1150 617 1332 712 Appium,

270 743 305 796 et
318 727 422 822 quod
433 751 512 795 cam
523 750 571 814 ‚eo
582 725 747 823 praesidii
760 731 824 811 sit,
844 730 883 794 in
902 747 1043 794 summo
1054 726 1220 820 periculo
1236 743 1330 810 esse,

269 842 342 906 nisi
352 837 505 933 propere
524 851 591 905 aut
600 837 920 929 justuseaercitus
938 857 979 902 eo
1001 837 1178 917 mittatur,
1197 847 1265 902 aut
1283 831 1337 902 illi

270 947 354 1016 inde
370 946 605 1016 deducantur.
622 945 689 1032 Ad
702 944 851 1014 classem
866 967 905 1014 se
926 968 974 1012 ex
991 949 1115 1012 castus
1127 945 1332 1040 profectos,

268 1063 446 1128 sociorum
473 1054 658 1160 navalium
680 1071 827 1151 partem
857 1053 983 1124 morbo
1014 1053 1166 1125 audisse·
1183 1051 1333 1122 absum-

261 1182 561 1263 ptam5partem‚
580 1171 743 1234 maxime
758 1171 824 1260 qui
839 1187 887 1234 etc
901 1162 1022 1234 Sicilia
1028 1164 1186 1255 fuerint,
1205 1162 1334 1234 domos

268 1301 354 1348 suas
369 1275 487 1346 abisse
497 1331 512 1366 ,
527 1291 564 1345 et
576 1276 739 1345 homines
757 1273 908 1344 navibus
925 1274 1057 1344 deesse.
1080 1277 1156 1366 Qui
1164 1279 1252 1359 sint,
1269 1297 1333 1343 ne-

268 1409 339 1482 que
358 1385 576 1481 stipendium
594 1390 792 1481 accepisse,
816 1407 933 1480 neque
952 1389 1164 1454 vestimenta
1185 1383 1330 1452 habere.

268 1500 471 1566 Eumenem
493 1495 715 1591 classemque
736 1497 835 1588 ejus,
866 1509 1041 1590 tanquam
1066 1509 1174 1564 vento
1200 1493 1333 1563 allatas

226 1666 229 1673 .
269 1605 401 1677 naves⁵
420 1613 498 1676 sine
514 1631 626 1676 causa
648 1622 685 1676 et
699 1611 859 1690 ventsse,
876 1605 1068 1674 elabisse:
1089 1627 1154 1673 nec
1168 1609 1333 1672 animum

269 1719 345 1810 ejus
365 1723 457 1812 regis
476 1731 637 1786 constare
659 1722 746 1785 satis
769 1720 899 1785 ouum.
928 1715 1027 1784 Sicut
1051 1710 1172 1782 omnia
1196 1711 1242 1782 de
1265 1719 1334 1784 Eu·

268 1851 374 1898 mene
390 1825 517 1911 dubia,
537 1825 644 1896 Attali
662 1826 802 1922 egregie
820 1838 1042 1895 constantem
1062 1821 1170 1892 fidem
1190 1823 1333 1892 nuntia·

267 1935 366 2011 bant

310 2048 410 2114 XXI.
442 2045 582 2140 Legatis
609 2044 758 2132 auditis,
787 2061 874 2115 tunc
902 2044 948 2115 de
974 2043 1072 2115 bello
1097 2041 1230 2114 referre
1258 2067 1334 2113 sese

268 2157 309 2221 L.
323 2152 484 2222 AEmiiius
496 2151 596 2222 dixit.
612 2157 762 2224 Senatus
776 2153 953 2238 decrevit,
967 2171 1008 2225 ut
1025 2161 1062 2223 in
1080 2170 1158 2224 octo
1179 2149 1334 2248 legiones

260 2287 394 2360 parem
410 2287 599 2333 numerum
614 2263 839 2334 tribunorum
852 2263 1014 2335 consules
1028 2262 1229 2361 etpopulus
1243 2287 1336 2332 crea·

270 2388 371 2442 rent:
390 2379 507 2442 creari
519 2390 640 2443 autem
654 2380 832 2444 neminem
844 2383 1000 2445 eo'anno
1009 2374 1174 2471 placere,
1190 2379 1261 2443 uisi
1271 2379 1337 2469 qui
1375 2363 1378 2370 ⁴

269 2483 442 2552 honorem
453 2489 618 2577 gessisset
626 2495 649 2552 ¹1.
670 2489 761 2554 Tum
775 2508 823 2554 eu
836 2484 1002 2554 omnibus
1017 2483 1168 2554 tribunis
1180 2480 1334 2552 militum

271 2597 325 2660 uti
335 2595 375 2660 L.
391 2593 562 2661 AEmilius
575 2598 614 2661 in
627 2592 720 2664 duas
734 2593 889 2690 legiones
903 2601 941 2663 in
955 2592 1229 2678 Macedoniam,
1244 2617 1334 2689 quos

270 2843 370 2894 ritimilc
383 2857 430 2904 est,
444 2857 492 2893 tam
507 2860 592 2911 purum
606 2847 781 2894 commeatibus
825 2858 953 2894 ventorum
974 2847 1157 2910 appulsts‚''et‘
1174 2843 1283 2902 uenisse,
1312 2856 1335 2892 et

270 2936 426 2990 prospectum
449 2941 520 2983 esse,
546 2937 573 2974 ut
599 2927 661 2974 οίιοιι
682 2925 780 2984 initium
809 2925 907 2976 ‘statim
920 2923 1008 2976 ulisse
1018 2926 1166 2980 cessantibus
1174 2925 1223 2976 illis
1231 2925 1333 2984 fflictor.

270 3004 355 3054 Martii
366 3020 417 3053 non
427 3006 483 3070 plus
494 3004 609 3054 frumenti
620 3005 780 3068 superfuerit«,
823 3005 882 3053 Vnt.
895 3007 961 3054 Lect.
972 3007 1061 3064 ΠΗ,
1078 3022 1125 3065 223
1137 3005 1203 3054 conf.
1219 3005 1271 3054 Cic.
1287 3007 1334 3053 Lu-

271 3094 296 3131 et
307 3084 369 3131 sorte
378 3083 451 3147 legati
461 3085 628 3132 renuntiarunt
637 3101 779 3146 numerum,
824 3084 883 3133 oull.
902 3083 927 3133 3.
945 3087 1009 3132 Aves
1023 3087 1088 3146 conj.
1106 3083 1170 3134 Rob.
1184 3079 1263 3133 Titius
1274 3087 1333 3133 Loc.

270 3163 354 3211 nescio
370 3177 456 3226 quem,
469 3163 610 3211 modiorum
626 3163 741 3212 frumenti
752 3165 779 3212 in
824 3164 910 3213 Contr.
925 3165 993 3222 XX,
1008 3166 1054 3224 13,
1064 3165 1121 3213 coll.
1134 3165 1213 3214 Strab.
1223 3169 1255 3225 V,
1269 3183 1333 3223 221,

269 3241 580 3318 homismpotitifflmk.
761 3281 768 3298 .,
824 3244 935 3292 essitas.
948 3244 1149 3303 ffist.Anim.V‚
1162 3260 1192 3307 9;
1206 3245 1248 3294 sed
1261 3245 1335 3294 Salvi·

307 3328 330 3375 4.
340 3320 449 3366 Potuisse
457 3337 513 3368 eum
526 3319 629 3384 ancipiti
638 3321 699 3368 bello
711 3321 778 3367 disti·
825 3323 880 3370 nius
902 3323 963 3370 nihil
985 3323 1012 3369 in
1037 3323 1106 3370 Livio
1134 3325 1290 3381 mutandum,
1311 3335 1334 3372 et

272 3413 329 3444 nere
343 3411 436 3461 regem
447 3399 506 3445 vide
519 3400 551 3446 ad
562 3401 586 3459 Ι,
602 3399 648 3455 25,
658 3415 682 3446 n.
696 3409 725 3457 4,
738 3401 778 3457 ΙΙ,
825 3415 880 3448 aves
901 3401 999 3465 longius
1018 3403 1136 3466 petitum,
1153 3403 1288 3466 simplicius
1306 3421 1333 3450 ac

276 3477 324 3538 ιβ,
348 3491 374 3527 ιι.
393 3477 424 3534 3,
440 3479 491 3535 ΙΠ,
511 3479 557 3540 23,
575 3495 601 3526 n.
623 3493 647 3525 1.
665 3477 782 3532 Distineri
825 3481 986 3528 veriusnaves
995 3473 1334 3531 cambutta-Amem-

273 3555 368 3604 emend.
383 3556 478 3613 Gron„
494 3556 558 3604 Cler.
572 3567 596 3604 et
610 3557 782 3606 Creu-Cou-
826 3558 873 3606 tali
878 3559 971 3607 excidit
980 3560 1015 3608 ita
1019 3579 1031 3618 ,·
1041 3561 1118 3610 Gron.
1126 3561 1164 3610 CI.
1172 3563 1219 3623 ΙΧ,
1229 3575 1332 3624 τμη.

272 3647 309 3682 tra
328 3634 428 3693 Roujut.
445 3645 468 3682 et
485 3633 559 3681 Drak.
575 3634 699 3698 vulgatum
718 3647 782 3684 reete
861 3631 922 3686 Ct't.
932 3639 1004 3685 m.
1017 3655 1039 3685 1.
1052 3642 1141 3686 Parem
1154 3655 1279 3686 numerum
1293 3641 1334 3686 tri-

272 3712 783 3778 tuentunsienim,App.Cltudiosatisva·
827 3719 1064 3774 bunorumconsules
1068 3752 1129 3768 .....
1140 3718 1334 3784 gessisset5vide

273 3793 338 3841 lidus
350 3794 469 3840 exercitus
481 3792 575 3852 suisset,
587 3793 706 3856 potuisset
718 3794 783 3842 idem
827 3798 859 3845 ad
868 3801 932 3856 vn,
945 3799 969 3856 5,
981 3815 1005 3846 ιι.
1022 3807 1050 3857 4,
1063 3800 1148 3858 xm,
1166 3806 1217 3859 49,
1230 3815 1256 3845 ιι.
1269 3799 1300 3857 6,
1310 3810 1334 3845 et

274 3871 314 3920 ille
327 3875 376 3935 Ap.
391 3871 506 3922 Claudius
520 3871 634 3920 distinere
648 3889 728 3936 regem
739 3890 781 3920 an·
827 3877 859 3927 cf.
875 3876 932 3924 Ind.
941 3905 976 3912 -
986 3878 1029 3932 Cn,
1043 3877 1154 3934 Servilio,
1172 3877 1261 3942 prioris
1277 3879 1333 3924 anni

274 3950 344 4014 cipiti
352 3949 426 3997 bello.
437 3953 493 4002 En..
827 3956 929 4018 consuli,
940 3956 991 4020 qui,
1004 3967 1032 4018 ut
1040 3973 1071 4020 eu
1080 3957 1192 4006 hocloco
1201 3956 1333 4012 discimus.

310 4027 333 4074 5.
350 4031 477 4094 Tanquam
490 4042 564 4092 uento
583 4030 674 4088 allatas
690 4047 779 4094 naves,
823 4047 957 4099 prorogato
971 4036 1141 4091 exconsulum
1159 4037 1263 4100 imperio
1277 4036 1334 4084 Gal·

268 4122 325 4164 ,tion
343 4107 462 4170 consilio,
479 4108 522 4155 sed
539 4120 679 4172 tempestate
696 4110 734 4158 vel
756 4111 781 4157 vi
824 4112 881 4160 iiam
892 4115 1028 4180 obtinqbat.
1038 4117 1082 4162 En.
