2976 4712
470 391 472 400 ι
502 363 774 434 uranonnn
802 365 944 434 mvn.
1186 361 1255 460 399

132 455 134 464 ,
192 481 269 578 puli
286 483 455 580 precibus
473 485 624 556 donatus
641 499 695 556 est
705 487 731 554 ⁴.
751 489 821 555 Res
834 497 1006 583 praeterea
1022 499 1148 556 contra
1161 490 1256 558 Sam·

192 595 283 664 nites
299 618 470 691 prospere
488 609 604 693 gestas
623 595 794 666 continet.

477 809 702 877 EPITOME
733 807 871 875 LIBRI
905 809 968 876 IX.

236 979 276 1045 L.
290 978 458 1047 Veturius
469 993 506 1048 et
517 980 577 1073 Sp.
594 976 797 1046 Postumius
810 973 908 1073 apud
920 973 1098 1046 Caudinas
1109 981 1251 1068 Furcas,

189 1083 346 1156 deducto
365 1086 401 1154 in
420 1084 539 1155 locum
557 1097 699 1156 artum¹
721 1086 898 1172 exercitu,
920 1109 1035 1181 quum
1053 1085 1152 1160 nulla
1170 1111 1251 1185 spes

188 1190 362 1264 evadendi
379 1209 490 1282 esset,
506 1193 642 1267 foedere
660 1219 742 1265 cum
760 1193 978 1266 Samnitibus
994 1193 1105 1285 fact0‚
1125 1211 1160 1266 et
1174 1223 1251 1268 sex-

188 1304 300 1374 centis
323 1302 506 1400 equitibus
528 1305 686 1374 romanis
708 1302 897 1375 obsidibus
916 1303 1026 1392 datis,
1048 1305 1097 1374 ita
1115 1309 1251 1377 exerci-

186 1426 264 1480 tum
289 1411 537 1501 abduxerunt,
558 1429 599 1484 ut
620 1438 745 1484 omnes
771 1412 986 1510 subjugum
1011 1415 1249 1488 mitterentur.

184 1521 392 1618 Iidemque,
414 1536 560 1594 auctore
582 1528 642 1621 Sp.
664 1525 849 1594 Postumio
871 1522 1039 1609 consule,
1059 1525 1180 1619 quiin
1199 1551 1251 1597 se·

186 1646 273 1702 natu
286 1647 463 1721 suaserat,
475 1648 517 1703 ut
531 1657 657 1705 eorum
671 1632 871 1720 deditione,
886 1658 1044 1729 quorum
1058 1634 1248 1732 culpatam
1340 1649 1342 1656 ’

184 1740 347 1814 deforme
361 1741 480 1815 foedus
493 1744 606 1814 ictum
621 1758 714 1830 erat,
735 1741 891 1838 plublica
907 1741 997 1813 fides
1019 1741 1249 1833 liberaretur,

185 1874 267 1920 curn
289 1851 434 1923 duobus
458 1850 612 1923 tribunis
634 1851 750 1949 plebis
772 1868 808 1922 et
832 1850 1018 1940 omnibus,
1043 1854 1107 1948 qui
1129 1851 1248 1926 foedus

184 1964 472 2061 spoponderant,
498 1963 610 2034 dediti
632 1950 871 2049 SamnitibuS,
897 1987 971 2032 non
996 1978 1081 2033 sunt
1098 1967 1245 2062 recepti.

182 2077 257 2145 Nec
275 2065 390 2145 multo
406 2088 509 2171 post,
533 2073 621 2145 fusis
644 2099 664 2144 a
685 2075 827 2172 Papirio
850 2073 1007 2143 Cursore
1028 2072 1247 2146 Samnitibus

182 2197 219 2252 et
238 2182 305 2254 sub
322 2183 449 2280 jugum
470 2186 605 2272 missis,
624 2185 851 2280 receptisque
870 2183 1045 2254 sexcentis
1062 2183 1247 2279 equitibus

181 2297 355 2377 romanie,
374 2298 438 2392 qui
456 2294 600 2367 obsides
618 2295 691 2366 dati
707 2309 828 2383 erant,
845 2294 965 2392 pudor
982 2294 1110 2390 prioris
1123 2293 1248 2392 flagitii

180 2401 336 2475 abolitus
362 2420 424 2475 est.
453 2404 583 2475 Tribus
610 2404 689 2474 duae
717 2403 863 2500 adjectae
880 2418 992 2491 sunt,
1014 2402 1185 2474 Ufentina
1210 2421 1247 2476 et

181 2513 350 2584 Falerina.
384 2519 511 2586 Suessa
546 2530 581 2585 et
611 2515 739 2584 Pontia
771 2513 921 2584 coloniae
954 2513 1116 2584 deductae
1150 2532 1243 2586 snut.
1347 2589 1352 2596 ,

179 2625 243 2719 Ap.
270 2624 439 2695 Claudius
461 2648 589 2695 censor
615 2649 746 2720 aquam
768 2624 962 2721 perduxit3
983 2625 1076 2694 viam
1101 2629 1243 2714 stravit,

180 2757 260 2826 quae
276 2735 391 2831 Appia
406 2749 529 2805 vocata
546 2748 622 2816 est3
641 2733 894 2805 libertinorum
913 2733 1007 2803 filios
1022 2735 1059 2802 in
1079 2750 1243 2806 senatum

179 2840 274 2938 legit.
295 2841 477 2940 Ideoque,
496 2846 665 2938 quoniam
683 2844 712 2913 is
728 2842 818 2913 ordo
833 2841 1021 2935 videbatur
1034 2846 1243 2939 inquinatus
1347 2907 1352 2913 .

180 2949 355 3047 indignis,
375 2954 558 3050 sequentis
580 2954 664 3022 anni
689 2952 853 3023 consules
878 2955 915 3021 in
941 2966 1067 3022 senatu
1090 2952 1242 3049 legendo

178 3060 481 3147 observaverunt,
518 3051 825 3162 quemadmodum
854 3077 935 3132 ante
966 3086 1032 3160 per
1058 3065 1243 3159 proximos

179 3193 344 3241 censores
358 3170 586 3242 observatum
601 3167 726 3241 fuerat.
742 3176 811 3242 Res
825 3187 995 3269 praeterea
1009 3187 1133 3244 contra
1147 3179 1243 3271 Apu-

179 3279 252 3366 los,
269 3285 458 3371 Etruscos,
481 3279 659 3366 Umbros,
677 3283 831 3367 Marsos,
851 3279 1033 3377 Pelignos,
1053 3285 1187 3377 AEquos
1206 3297 1242 3353 et

179 3392 374 3481 Samnites,
400 3391 533 3490 quibus
561 3389 681 3462 foedus
711 3402 786 3460 erat
813 3389 1018 3492 restitutum
1034 3373 1241 3494 ,prospere

177 3514 293 3594 gestas
310 3503 481 3573 continet.
501 3501 642 3571 Flavius
658 3497 793 3585 scriba,
813 3497 1239 3628 libertinep'affitssuatun
1329 3563 1336 3573 .

177 3729 230 3776 cap.
241 3714 288 3770 26,
304 3724 357 3761 not.
367 3715 398 3772 6,
408 3714 434 3762 in
447 3680 495 3778 qua
508 3714 539 3762 de
552 3713 590 3762 his
606 3715 685 3762 hono·
730 3715 793 3765 Duk.
807 3715 855 3763 Sed
863 3716 983 3782 angustie
992 3657 1239 3782 saltiriqiiiiiirffiseos

177 3792 244 3839 ribus
254 3791 358 3840 insolitis
371 3790 486 3840 diximus.
500 3795 544 3840 En.
714 3793 754 3843 'et
771 3794 887 3842 arctiores
903 3795 966 3842 dixit
982 3795 1054 3842 etiam
1071 3795 1124 3842 Liv.
1140 3811 1194 3860 cap.
1214 3813 1238 3847 a.

212 3876 236 3924 Δ.
259 3870 347 3934 Populi
365 3870 478 3933 precibus
501 3870 607 3918 donam
629 3883 682 3929 σείς
727 3876 798 3920 —Irr
820 3885 906 3920 senatu
926 3873 1026 3938 legendo
1042 3874 1237 3930 observaverunt,

175 3947 232 3996 vide
241 3948 273 3996 ad
282 3949 335 3997 Liv.
349 3950 384 4005 11,
398 3949 430 3997 35
439 3985 446 4009 ,
455 3965 479 3997 n.
491 3949 514 3996 5.
714 3983 716 3988 ·
727 3951 932 4016 quemadmodum
944 3965 1003 4001 ante
1021 3953 1171 4000 observatum
1177 3953 1237 4018 fite-

210 4029 334 4076 Errr.1X.
348 4043 370 4076 r.
379 4029 409 4075 In
421 4029 501 4076 locum
512 4039 619 4085 arceram,
631 4029 682 4093 ple·
726 4042 776 4078 rat.
789 4031 848 4080 Non
864 4031 916 4078 haec
933 4031 992 4080 satis
1005 4032 1080 4082 latim
1089 4033 1168 4084 oratio
1179 4035 1237 4083 Cre·

175 4107 243 4170 rique
251 4107 313 4156 MSS
322 4106 348 4155 in
357 4107 374 4156 1.
384 4106 507 4172 iniquum,
518 4123 569 4154 non
577 4107 681 4170 improb.
726 4110 793 4156 verio
802 4108 907 4158 videtur.
919 4110 963 4157 Eo.
