2966 4708
429 349 495 415 DE
524 345 778 416 TRANSITU
804 345 1064 416 APENNINI.
1207 345 1275 420 565

213 490 345 557 prorsus
364 467 486 532 flexisse
503 469 563 532 iter
579 467 810 547 Hannibalem,
828 489 864 530 ac
883 467 977 530 nobis
991 467 1186 556 descriptum
1211 488 1275 554 est,

214 569 429 635 contendunt.
835 637 843 652 ,
904 569 909 576 .

257 671 438 754 Cluverius,
448 671 518 735 Ital.
530 686 597 734 ant.
609 671 672 734 vol.
686 671 716 751 l,
727 691 798 758 pag.
814 667 888 750 580,
899 668 952 732 illa
961 669 1069 752 verba,
1080 671 1221 736 Faesulas
1223 697 1278 762 pe·

213 787 296 852 tens,
322 774 356 835 in
373 773 463 837 Livio
477 771 624 853 damnat,
645 794 715 858 quae
737 769 977 851 damnavimus,
995 771 1278 862 supplendumque

213 871 551 962 aFoesult'sprofiaetus,
560 873 681 937 collatis
691 872 780 936 Livio
793 871 1005 960 Polybioque,
1020 871 1174 957 affirmat,
1190 877 1281 963 quod

214 991 247 1038 et
266 976 325 1063 ipsi
348 975 586 1044 affirmavimus.
603 975 686 1038 Ecce
706 990 815 1038 autem
835 973 942 1038 statim
959 995 977 1036 a
994 976 1152 1039 sententia
1169 994 1279 1042 nostra

214 1097 362 1157 aversus,
379 1076 592 1141 Hannibalem
612 1075 681 1138 vult
702 1097 760 1162 per
783 1075 867 1138 viam
885 1075 1123 1139 Bononiensem
1147 1079 1279 1165 petiisse

216 1175 366 1256 Faesulas,
380 1178 604 1266 Nepotemque
617 1176 776 1263 increpat,
786 1175 967 1262 quiPoenos
981 1173 1109 1239 duxerit
1118 1199 1177 1264 per
1186 1178 1280 1266 Lign-

214 1300 276 1341 res.
290 1278 439 1342 Cluverio
458 1279 485 1342 si
508 1277 586 1341 fides
602 1277 803 1358 adhibeatur,
819 1277 880 1340 iter
903 1275 982 1340 illud
1004 1277 1222 1361 commodius,
1246 1297 1278 1344 et

214 1379 352 1468 longius,
364 1381 583 1466 Romanisque
600 1379 695 1442 nimis
713 1394 843 1460 notum,
857 1377 891 1442 id
907 1379 977 1459 erit,
992 1376 1080 1464 quod
1090 1379 1276 1466 perArimi-

215 1503 295 1544 num
308 1497 406 1568 atque
419 1481 586 1545 Umbriam
601 1481 766 1544 munitum
779 1495 863 1561 erat,
880 1480 971 1567 quasi
982 1479 1135 1542 Bononiae
1155 1480 1202 1542 via
1218 1482 1278 1543 mi-

214 1603 277 1644 nus
300 1598 383 1646 esset
408 1597 503 1664 nota,
525 1604 633 1670 neque
654 1582 760 1645 omnis
784 1596 866 1645 esset
886 1597 1057 1657 montana,
1081 1579 1203 1644 nedum
1226 1583 1276 1645 his

214 1681 285 1746 altis
310 1699 404 1771 rupta
431 1681 620 1770 paludibus,
644 1703 723 1770 quas
748 1683 831 1770 ipse,
846 1681 944 1750 -nullo
971 1696 1087 1768 praeter
1111 1705 1145 1745 se
1169 1683 1275 1771 ipsum

214 1799 362 1866 auctore,
375 1785 543 1850 Florentiae
557 1783 764 1862 circumjecit.
784 1784 866 1865 Quae
879 1782 905 1844 si
919 1781 1052 1870 paludes
1065 1783 1277 1866 exstitissent,

217 1884 389 1948 Hannibali
406 1908 476 1949 eam
488 1886 572 1950 viam
584 1898 735 1972 sequuto,
748 1905 815 1946 non
828 1899 1003 1970 antequam
1017 1884 1154 1946 Faesulas
1171 1906 1279 1971 perve-

215 1985 314 2068 niret,
328 1985 384 2050 sed
398 1988 461 2050 hoc
472 1987 556 2050 ultm
570 1985 726 2074 oppidum
742 1984 941 2064 oblitissent,
954 1983 1109 2070 brevique
1123 1986 1276 2072 temporis

217 2085 321 2173 spatio
340 2087 476 2150 fuissent
492 2103 658 2175 superatae.

259 2186 379 2251 Eadem
390 2188 585 2276 opponenda
595 2205 671 2253 sunt
678 2188 809 2253 doctiss.
820 2187 897 2252 viris
912 2187 992 2268 cini,
1008 2188 1043 2251 V
1039 2181 1132 2251 illarii
1141 2203 1174 2251 et
1182 2189 1279 2252 Scala

216 2288 272 2374 qui
295 2289 510 2354 Hannibalem
533 2291 666 2356 Pratum
673 2337 683 2370 ,
712 2279 940 2377 Pastoriamque
964 2289 1125 2351 transiisse
1152 2289 1279 2370 volunt,

216 2406 410 2478 montesque
423 2393 609 2480 Apenninos
623 2413 718 2480 supra
730 2392 901 2470 Mutinam,
917 2411 985 2454 esse
998 2390 1195 2478 ingressum;
1208 2407 1280 2454 tum

217 2491 313 2559 Lucae
325 2491 495 2572 Holstent'o,
514 2495 569 2580 qui
585 2517 666 2575 eum
676 2516 733 2580 per
736 2491 852 2578 sorum
868 2494 948 2556 Livii
959 2493 1142 2556 venientem
1159 2515 1178 2554 a
1192 2515 1282 2556 mon·

173 2605 176 2614 ’
216 2589 366 2670 tibus,in‘
375 2589 535 2654 Etruriam
550 2593 752 2657 descendisse
766 2609 874 2682 putat,
893 2609 925 2656 et
936 2593 1017 2656 Italo
1029 2591 1188 2656 Guazzeu'
1193 2593 1279 2679 apud
1326 2649 1327 2654 ,

217 2712 314 2777 quem
332 2690 422 2753 Poeni
437 2688 583 2753 eamdem
598 2691 683 2754 hanc
697 2693 856 2770 invadunt
867 2693 1050 2780 regionem,
1069 2714 1126 2778 per
1135 2693 1272 2754 Casenti·

217 2813 296 2853 num
314 2813 427 2880 agrum
441 2806 474 2854 et
487 2789 567 2854 lines
582 2791 700 2855 Balnei.
722 2791 884 2878 Equidem
898 2792 1012 2871 fateor,
1030 2791 1057 2854 si
1074 2793 1135 2856 hac
1153 2792 1202 2854 via
1220 2793 1280 2856 im·
1374 2805 1376 2814 ’

218 2884 332 2956 missos
345 2892 481 2956 Etruriae
498 2892 615 2958 Poenos
629 2891 815 2973 credamus,
834 2892 915 2955 nihil
932 2915 1001 2956 esse
1019 2893 1054 2954 in
1069 2893 1159 2957 Livio
1174 2915 1282 2956 emen·

218 2989 377 3073 dandum,
392 2992 671 3080 Hannibalemque
681 2993 825 3082 potuisse
834 2994 911 3057 laeva
920 2992 1026 3058 relicto
1040 2993 1125 3058 hoste
1138 2995 1281 3059 Faesulas

211 3108 446 3182 paterasquum
462 3110 571 3158 autem
588 3093 788 3158 validissimis
810 3095 1007 3184 argumentis
1024 3093 1280 3159 demonstratum

219 3193 1280 3286 sitverbumpetens‚qualecumquefueritHannibalisiter,penitus
1385 3218 1387 3223 ·

219 3317 287 3359 esse
304 3296 519 3379 eradendum,
534 3298 598 3376 jam
612 3313 734 3388 errra're
747 3321 919 3389 arguemus
933 3321 1065 3380 omnes,
1079 3299 1193 3386 quiite
1209 3299 1282 3362 Poe·

219 3417 337 3460 norum
354 3397 437 3461 viam
457 3397 697 3487 descripserint,
728 3415 766 3463 ut
783 3398 864 3464 illud
881 3399 1018 3463 verbum
1035 3399 1132 3464 deleri
1151 3421 1281 3484 neeesse

219 3516 286 3558 non
302 3497 358 3560 sit:
372 3498 472 3563 immo
487 3501 582 3564 nullae
596 3501 630 3564 in
644 3501 697 3583 illa
710 3502 859 3592 regione,
872 3487 988 3589 utpote
1000 3501 1168 3566 montibus
1184 3503 1282 3566 maxi·

220 3617 271 3658 me
284 3618 411 3684 aspera,
427 3599 607 3666 obfuissent
623 3600 771 3690 paludes,
789 3626 860 3692 quae
875 3602 1023 3666 videlicet
1041 3623 1080 3666 ex
1093 3602 1282 3666 inundantis

220 3698 300 3758 Arni
318 3701 540 3787 stagnantibus
559 3703 650 3789 aquis
667 3706 915 3769 concrevissent.
937 3699 1047 3766 Immo
1064 3703 1120 3789 qui
1135 3725 1204 3765 eam
1222 3703 1280 3765 de·

220 3792 361 3859 lendunt
374 3802 582 3883 sententiam,
597 3819 629 3866 et
643 3805 698 3890 qui
712 3806 796 3868 circa
809 3804 978 3868 Pistoriam
994 3819 1158 3896 superatos
1173 3806 1284 3891 Apen-

222 3893 315 3958 ninos
344 3898 555 3982 arbitrantur,
578 3904 722 3991 exiguam
744 3905 863 3994 habere
890 3902 1042 3967 videntur
1064 3903 1111 3966 rei
1137 3903 1280 3967 militaris

222 3995 389 4062 rationem.
408 4002 569 4066 Hannibal
580 4004 665 4066 enim
687 4028 754 4069 non
771 4005 872 4070 modo
884 4007 945 4069 iter
957 4006 1097 4068 multum
1111 4003 1281 4092 produxis-

223 4108 269 4154 set
289 4115 402 4181 suum,
416 4117 512 4187 atque
525 4101 728 4170 difficillimos
745 4123 864 4185 tractus
879 4107 1049 4194 regionum
1066 4104 1281 4168 transeundos
