2970 4712
199 327 326 430 ..ἓξὲξ
368 349 890 441 manutenuerint
918 357 1060 426 xxxv.
1163 357 1231 456 337

174 490 257 536 cum
274 467 394 539 Attalo
418 467 464 538 ad
487 467 686 540 finiendum
705 467 872 558 bellum
864 485 957 543 mter
981 475 1102 548 Gallos
1122 493 1158 548 et
1175 459 1248 550 re-¹

172 601 254 672 gem
277 581 477 668 Eumenem
502 579 599 648 missi
623 575 747 667 erant,
774 580 812 648 in
834 581 952 652 Asiam
976 604 1231 680 pervenerunt

172 687 329 758 Induciis
347 712 414 785 per
429 687 586 760 hiemem
606 687 728 774 factis,
748 704 786 759 et
803 689 896 760 Galli
914 691 1041 764 domos
1057 695 1234 787 abierant,
1245 771 1248 780 ,
1300 775 1301 778 ,
1330 721 1333 728 “

173 812 209 868 et
231 823 296 869 rex
319 800 357 868 in
382 797 533 868 hiberna
557 813 779 869 concesserat
803 804 1036 897 Pergamum,
1062 810 1231 904 gravique

171 899 302 978 morbo
326 930 417 1002 aeger
441 905 566 978 fuerat.
596 913 669 980 Ver
692 909 849 1005 primum
879 935 923 980 ex
950 909 1060 982 domo
1083 919 1231 1008 excivit,
1283 907 1285 912 ¹

168 1017 315 1112 jamque
345 1016 510 1112 Synnada
543 1032 805 1113 pervenerant,
837 1044 951 1114 quum
978 1026 1157 1096 Eumenes
1185 975 1231 1099 ad

171 1125 297 1196 Sardes
313 1125 475 1222 undique
493 1126 688 1198 exercitum
703 1141 937 1199 contraxerat.
957 1129 1013 1200 lbi
1027 1146 1062 1202 et
1077 1138 1231 1208 Romani

170 1234 406 1305 Solovettium
424 1234 552 1304 ducem
572 1234 757 1306 Gallorum
779 1238 953 1333 Synnadis
975 1238 1172 1336 alloquuti,
1196 1263 1231 1328 et

169 1344 309 1416 Attalus
323 1369 404 1416 cum
420 1346 470 1416 eis
483 1333 681 1442 profeclus3
695 1344 757 1416 sed
771 1361 885 1418 castra
898 1348 1107 1420 Gallorum
1099 1369 1230 1427 intrare

169 1479 252 1524 eum
262 1480 344 1525 -ιιοιι
361 1455 514 1552 placuit,
530 1479 575 1524 ne
593 1455 702 1528 animi
719 1481 763 1526 ex
778 1455 1062 1554 disceptatione
1053 1463 1231 1558 irritaren-

168 1577 238 1632 tur.
262 1568 299 1633 P.
318 1564 498 1634 Liciniusl
520 1587 602 1634 cum
622 1563 748 1660 regulo
766 1565 952 1636 Gallorum
968 1582 1021 1638 est
1036 1568 1229 1666 loquutus,

168 1673 388 1771 retulitque,
411 1671 621 1744 ferociorem
647 1697 730 1743 eum
755 1673 983 1772 deprecando
1007 1675 1164 1750 factum:
1189 1698 1229 1753 ut

167 1784 298 1853 mirum
316 1782 431 1854 videri
449 1796 588 1879 posset,
607 1784 703 1852 inter
721 1799 792 1853 tam
815 1784 1008 1880 opulentos
1025 1811 1146 1884 reges,
1164 1797 1230 1862 An·

166 1892 328 1963 tiochum
344 1893 662 1987 Ptolemaeumque,
685 1907 823 1964 tanturn
839 1893 1036 1990 legatorum
1059 1923 1237 1984 romano,

166 2025 248 2071 rum
274 2002 383 2074 verba
412 2003 561 2074 valuisse
574 2000 599 2090 ⁵,
624 2016 664 2073 ut
690 2003 871 2100 extemplo
897 2029 1019 2101 pacem
1048 2006 1226 2098 lacerent;
1263 2095 1264 2098 Ἴ
1335 2067 1338 2076 ,

166 2112 261 2210 apud
282 2114 407 2186 Gallos
420 2113 553 2184 nullius
574 2112 750 2184 momenti
767 2109 885 2184 luisse.

214 2227 355 2294 XXXV.
378 2229 528 2294 Romam
554 2224 708 2319 primum
732 2245 834 2317 reges
857 2227 1004 2320 captivi,
1023 2233 1227 2308 Perseuset

167 2333 333 2421 Gentius,
346 2326 387 2402 in'
399 2330 693 2402 custodiamcum
708 2329 828 2401 liberis
842 2331 1006 2421 aliducti3
1023 2335 1107 2407 dein
1121 2337 1227 2410 turba

165 2442 231 2515 alia
249 2443 471 2539 captivorum
488 2467 496 2510 ι
512 2457 596 2526 tum
618 2439 752 2536 quihus
772 2442 1012 2526 Macedonum
1034 2443 1224 2532 denuntia·
1266 2532 1268 2536 Ι

166 2567 361 2642 turserat,
386 2566 426 2622 ut
448 2558 598 2623 Romam
624 2551 808 2638 venirent,
827 2553 1105 2650 principumque
1130 2560 1226 2628 Grae·

166 2664 237 2734 ciae.
253 2668 340 2736 Nam
356 2662 393 2732 hi
406 2685 553 2758 quoque
566 2684 641 2730 non
654 2657 771 2729 solum
784 2675 976 2754 praesentes
989 2665 1094 2733 exciti
1109 2681 1223 2754 erant,

165 2770 374 2859 sedetiam,
393 2771 507 2866 siqui
530 2768 625 2865 apud
649 2791 749 2863 reges
773 2791 848 2836 esse
866 2768 1094 2853 dicebantur,
1114 2773 1224 2846 literis

165 2883 321 2954 arcessiti
338 2896 431 2951 sunt.
447 2879 590 2949 Paullus
604 2880 680 2974 ipse
695 2891 776 2973 post
790 2875 865 2962 dies
878 2901 1011 2974 paucos
1025 2882 1120 2975 regia
1133 2907 1224 2961 nave

164 3075 265 3131 Attalo,
279 3085 325 3122 ete.
339 3073 406 3121 oonf.
419 3074 672 3136 cap.19,no.-Ver
716 3069 832 3139 momenti
852 3070 935 3118 fuisse.
951 3071 1034 3118 Metus
1052 3087 1126 3131 vero,
1140 3089 1188 3133 no,
1202 3078 1224 3124 si

164 3157 314 3220 primamne
324 3150 510 3220 domoffiexoivit,
521 3150 618 3214 supple,
630 3159 672 3196 aut
715 3147 812 3218 Sttalus
824 3159 901 3196 castra
914 3148 1039 3196 Gallorum
1049 3149 1165 3211 intraret,
1174 3155 1223 3202 ani-

164 3235 248 3299 potius
257 3233 320 3282 atlde
331 3228 434 3289 Gallos,
451 3229 518 3294 quotl
531 3244 582 3276 rem
594 3227 671 3274 multo
715 3227 749 3304 mi
762 3226 939 3290 disceptatIone
952 3227 1119 3289 irritarentur,
1132 3233 1224 3295 specio·

165 3316 290 3364 clariorem
304 3313 423 3376 officeret,
441 3323 468 3360 ut
482 3321 545 3358 recte
560 3309 673 3356 observat
716 3321 758 3352 sus
781 3315 912 3368 praetexms
931 3315 1040 3369 arreptus
1061 3318 1098 3355 est
1112 3309 1222 3360 Attalum

165 3396 299 3444 creverim,
715 3383 803 3448 procul
823 3383 964 3441 amovendi,
988 3394 1030 3443 ut,
1053 3400 1083 3432 eo
1108 3386 1221 3446 absente,

201 3475 226 3522 4.
240 3471 267 3514 Ρ.
284 3465 404 3521 Licinius,
421 3476 467 3512 etc.
477 3461 548 3508 «Hie
557 3460 671 3524 princeps
715 3473 783 3511 tanto
809 3462 960 3510 commodius
979 3462 1051 3525 legati
1072 3481 1128 3512 eum
1151 3485 1219 3533 regu·

165 3556 215 3592 erat
230 3544 355 3607 legationis
366 3543 393 3590 in
402 3543 485 3591 Asiam
498 3541 588 3601 mesae,
601 3539 670 3599 cujus
713 3542 739 3590 lo
757 3539 883 3590 Gallorum
898 3551 1011 3604 agerent,
1031 3555 1095 3604 quae.
1107 3560 1121 3591 ι
1135 3559 1220 3596 senatu

164 3623 266 3672 occultis
276 3622 367 3670 artibus
380 3620 487 3668 evenisse
498 3619 603 3682 suspicio
618 3629 668 3677 est,
712 3619 824 3686 mandata
837 3628 912 3666 erant.
923 3615 1091 3683 Suspicionem
1101 3621 1164 3674 hanc
1179 3643 1222 3690 pa.

163 3719 194 3750 ne
214 3700 279 3749 Galli
298 3700 325 3748 in
350 3711 467 3764 potestate
489 3701 666 3756 Romanorum,
711 3699 759 3750 lam
769 3698 849 3759 injicit
863 3697 950 3761 Polyb.
960 3700 1054 3759 XXX,
1069 3703 1093 3762 3,
1104 3701 1120 3766 S
1135 3719 1220 3769 μμ

162 3795 247 3844 paoem
260 3781 380 3828 intereos
396 3790 421 3826 et
439 3779 569 3826 Eumenem
585 3770 667 3822 eonci-
711 3777 833 3826 Drakenb.
943 3786 945 3790 ’
1110 3823 1114 3830 ,
1145 3825 1148 3832 ,

162 3858 290 3916 liautium,
302 3857 405 3918 fitorint,
416 3867 445 3904 ut
459 3856 492 3902 ita
503 3851 619 3918 paulatim
632 3852 667 3898 vi·
747 3857 771 3904 5.
782 3858 912 3902 Incertam
925 3857 1048 3918 opulentos
1061 3873 1167 3922 roges..
1185 3863 1219 3910 10.

162 3955 199 3986 τοι
217 3935 331 3984 Eumenis
352 3951 366 3982 a
388 3934 464 3982 Gallis
486 3933 667 3996 frangerentm
709 3946 823 3998 gatonem
842 3949 904 3990 rom.
920 3935 997 3982 rerba
1014 3935 1136 3995 maluisse,
1156 3941 1219 3992 sorte

161 4018 218 4066 lieet
229 4015 318 4064 mirum
330 4013 407 4062 videri
417 4013 500 4062 Livius
510 4009 666 4075 profiteatur,
710 4013 776 4077 leg.¹
766 4029 791 4060 m
797 4028 918 4075 perquam
931 4014 1068 4076 opulentos,
1082 4017 1141 4064 vel
1131 4035 1156 4066 m
1168 4032 1219 4094 sam

162 4096 233 4144 verba
247 4095 381 4157 legatorum
396 4092 461 4158 apud
477 4091 560 4141 Gallos
577 4091 667 4140 nullius
711 4091 965 4154 o.,eto.utV116,
978 4109 1002 4141 n
1017 4094 1042 4140 6.

237 4184 334 4250 VIII
1053 4210 1096 4253 aa
