2966 4708
470 416 913 490 alanorummvu.
1003 435 1006 454 ¹
1154 421 1222 516 497

372 743 374 748 Ι
405 651 633 722 arraona
662 652 803 719 me
832 652 980 722 cxxx.

209 867 340 938 Italicis
353 870 497 967 populis
510 895 531 941 a
544 885 671 942 senatu
687 871 809 942 civitas
823 882 832 913 ¹
850 869 931 942 data
948 885 1011 941 est.
1030 875 1223 964 Samnites,

159 979 225 1076 qui
244 977 310 1050 soli
327 1004 425 1050 arma
444 977 672 1070 retinebant,‘
689 982 812 1052 Cinnae
830 995 866 1051 et
883 981 997 1052 Mario
1016 1007 1053 1052 se
1070 985 1224 1078 conjun-

159 1104 302 1160 xerunt.
318 1089 373 1160 Ab
392 1093 435 1160 iis
446 1091 604 1162 Plautius
620 1116 703 1162 cum
722 1091 883 1162 exercitu
899 1114 1007 1160 caesus
1030 1105 1093 1161 est.
1110 1094 1225 1166 Cinna
1255 1133 1258 1140 ,

160 1214 197 1270 et
214 1201 347 1270 Marius
369 1225 452 1272 cum
472 1193 638 1274 Carbone
657 1219 695 1274 et
716 1202 876 1273 Sertorio
898 1199 1101 1272 Ianiculum
1120 1226 1225 1274 occu-

160 1325 356 1406 paverunt,
380 1325 416 1382 et
438 1309 552 1409 fugati
572 1312 618 1384 ab
641 1313 793 1383 Octavio
815 1312 967 1382 consuie'
985 1329 1222 1384 recesserunt.

159 1421 294 1490 Marius
310 1424 455 1491 Antium
473 1435 509 1492 et
522 1423 676 1492 Ariciam
693 1436 729 1492 et
746 1421 947 1490 Lanuuium
964 1419 1124 1492 colonias
1134 1431 1149 1462 ²
1164 1420 1225 1492 de·

159 1530 319 1599 vastavit.
336 1530 459 1619 Quum
474 1529 572 1600 nulla
586 1555 666 1628 spes
684 1543 778 1600 esset
791 1527 1023 1627 optimatibus
1036 1530 1226 1603 resistendi

159 1653 310 1736 propter
329 1640 517 1736 segnitiem
536 1655 572 1710 et
588 1637 776 1737 perfidiam
797 1652 833 1708 et
849 1637 1038 1710 ducumet
1055 1639 1225 1727 militum,

161 1749 225 1845 qui
247 1752 409 1848 corrupti
434 1765 497 1821 aut
520 1773 681 1849 pugnare
704 1747 898 1833 nolebant,
920 1749 1046 1820 autad
1070 1748 1225 1824 diversas

159 1872 278 1956 partes
296 1859 515 1947 transibant,
540 1862 654 1931 Cinna
671 1875 708 1931 et
725 1859 860 1930 Marius
877 1858 915 1928 in
933 1859 1070 1930 Urbem
1088 1863 1231 1960 receptiv

159 1982 270 2038 sunt:
293 1971 376 2066 qui,
396 1971 496 2040 velut
516 1984 674 2068 captam,
689 1993 774 2068 *eam
791 1967 947 2040 caedibus
964 1985 1000 2041 et
1016 1973 1150 2068 rapinis
1166 1997 1224 2043 va·

159 2091 319 2164 starum,
338 2083 403 2150 Cn.
425 2081 574 2150 Octavio
602 2078 750 2150 consule
775 2079 894 2150 occiso
916 2093 951 2150 et
973 2079 1142 2153 omnibus
1160 2081 1224 2154 ad·

158 2209 268 2258 versae
290 2191 400 2286 partis
424 2189 610 2262 nobilibus
634 2187 836 2274 trucidatis,
858 2189 952 2260 inter
970 2215 1063 2287 quos
1081 2196 1129 2262 M.
1148 2197 1224 2265 An·

159 2297 262 2368 tonio
280 2297 575 2396 eloquentissimo
591 2301 688 2388 vir0,
708 2304 747 2369 L.
766 2313 802 2370 et
819 2302 856 2369 C.
873 2302 1009 2371 Caesare
1020 2297 1047 2388 ³,
1065 2325 1223 2398 quorum
1326 2323 1327 2326 ’

159 2409 273 2505 capita
291 2410 325 2478 in
347 2414 483 2482 Rostris
503 2413 618 2510 posita
634 2425 727 2483 sunt.
749 2414 894 2481 Crassus
910 2409 1006 2483 filius
1028 2411 1223 2511 abequiti·

158 2516 228 2624 hus
240 2517 404 2590 Fimbriae
416 2524 564 2593 occisus.
580 2526 683 2620 Pater
696 2525 859 2608 Crassus,
872 2543 918 2602 ne
931 2521 1019 2617 quid
1032 2523 1222 2622 indignum

193 2735 261 2781 Errr.
276 2735 378 2807 LXXX.
396 2752 417 2782 1.
430 2737 525 2786 Italicis
536 2739 635 2802 populis
648 2755 665 2786 a
709 2737 757 2794 ΙΠ,
771 2738 786 2783 3
799 2745 823 2784 et
837 2743 868 2796 t,
880 2751 935 2800 pag·
951 2737 1001 2798 898
1013 2737 1219 2799 “93921111500

157 2823 244 2859 senatu
254 2811 337 2860 civitas
347 2815 399 2861 sinc
409 2816 541 2880 suffragio,
552 2817 618 2881 quod
626 2820 667 2878 jus
709 2814 801 2862 Ioniam
816 2830 845 2862 co
858 2830 873 2860 a
887 2811 953 2861 Sulla
970 2813 1100 2862 deductam
1111 2815 1220 2878 putabat.

158 2902 259 2955 postca,
272 2902 297 2939 et
311 2892 374 2940 sorte
383 2895 434 2954 jam
446 2905 502 2942 aute
515 2911 598 2943 necem
609 2896 667 2944 Cin·
711 2893 782 2942 CouI.
793 2893 899 2957 Appiau.
910 2891 972 2939 Bell.
988 2891 1077 2951 civo,
1090 2895 1132 2956 69.

158 2985 211 3030 uae,
224 2970 345 3032 adjectum
358 2973 427 3038 (vid.
446 2975 511 3039 Epit.
526 2975 667 3032 LXXXIV,
747 2974 770 3019 3.
780 2974 816 3020 M.
827 2969 935 3019 Antonio
945 2971 1138 3034 eloquentissimo
1148 2972 1220 3034 viro,

158 3067 183 3097 n.
195 3047 246 3114 a),
265 3050 327 3098 daca
341 3063 393 3100 est:
406 3053 448 3100 sed
467 3053 493 3100 id
510 3055 560 3115 jam
577 3055 665 3102 factum
711 3054 739 3099 L.
759 3060 783 3096 ct
801 3051 826 3098 C.
851 3049 946 3097 Caecsarc
963 3049 1092 3108 fratribus,
1110 3061 1134 3100 ct
1152 3051 1219 3111 altis,

158 3145 179 3176 a.
190 3128 250 3176 Urb.
262 3128 313 3184 664
325 3142 350 3178 et
361 3132 412 3178 665
424 3132 517 3197 legIbur
529 3149 543 3180 a
557 3135 583 3180 L.
597 3133 666 3181 Iulio
711 3145 827 3194 quorum,
847 3139 892 3176 etc.
907 3127 957 3175 vid.
968 3129 1075 3191 Appiau.
1090 3130 1150 3178 Bell.
1165 3131 1219 3179 civ.

113 3267 115 3272 Α
158 3208 252 3256 Caesare
264 3224 314 3256 cos.
332 3220 357 3256 et
371 3212 406 3257 M.
421 3211 517 3259 Plautio
530 3211 629 3260 Silvano
642 3223 666 3260 ct
710 3210 737 3267 I,
752 3225 782 3268 71
796 3225 832 3272 sq.
845 3208 909 3255 Plut.
923 3219 947 3256 et
958 3208 1029 3256 Oros.
1045 3208 1072 3256 ll.
1084 3209 1110 3256 ll.
1121 3210 1174 3260 Cic.
1189 3210 1219 3260 dc

158 3287 186 3334 C.
199 3288 296 3352 PapirIo
310 3289 420 3338 (arbom
434 3290 537 3338 tribunis
550 3291 584 3356 pl.
598 3291 665 3352 latis3
710 3290 752 3335 Or.
772 3291 825 3349 ΙΠ,
840 3289 864 3336 3.
872 3314 907 3324 ‹-
916 3290 965 3336 Pro
978 3290 1005 3334 L.
1023 3298 1047 3335 et
1062 3287 1088 3336 C.
1107 3287 1220 3347 Caesarei

157 3364 207 3412 vid.
230 3367 281 3415 Cic.
300 3385 347 3432 pro
371 3369 464 3428 Balbo,
486 3385 539 3434 cap.
567 3373 598 3428 8,
619 3385 665 3434 pro
708 3367 790 3414 mallet
799 3369 868 3416 Crcv.
878 3382 934 3414 cum
943 3368 1020 3415 Gron.
1032 3367 1166 3416 caesariam
1173 3380 1219 3426 ,·et

157 3443 232 3493 Arch.
254 3462 306 3510 cap.
324 3456 358 3506 4?
375 3448 479 3512 Appiam
494 3448 554 3497 Bell.
573 3449 625 3497 ctv.
639 3451 665 3508 1,
708 3447 743 3494 ita
764 3459 829 3498 certe
851 3446 934 3494 Livius
955 3446 1085 3510 saepissime
1101 3447 1219 3510 loquutus

159 3529 207 3584 49,
218 3524 263 3582 53;
274 3527 356 3589 Sigon.
371 3526 401 3574 de
412 3529 470 3574 Ant.
483 3528 536 3574 Jur.
548 3528 601 3575 lut.
616 3529 665 3584 111,
710 3537 746 3574 est
756 3560 763 3584 ‚
775 3537 804 3574 ut
815 3526 911 3573 notavit
922 3524 996 3573 Drak.
1007 3524 1037 3572 ad
1050 3527 1099 3583 VI,
1110 3541 1157 3585 υ,
1167 3527 1183 3590 §
1195 3543 1218 3572 1.

162 3603 665 3666 1;Sp·nhem.0rb.ttom.1,10'300n-
709 3607 804 3653 Morem
826 3615 906 3652 autem
928 3601 996 3652 huno
1015 3603 1142 3652 Livianum
1166 3621 1219 3653 non

158 3691 233 3728 taren.
243 3682 301 3729 Var.
314 3684 379 3731 Lect.
392 3685 416 3742 1,
429 3684 665 3748 103Pigh.Ann.-
710 3701 804 3748 semper
816 3684 954 3732 observavit
967 3693 1052 3730 auctor
1066 3683 1131 3746 Epir.
1147 3685 1219 3732 Certo

87 3795 90 3804 ,
157 3759 284 3817 Plautius,
302 3763 345 3824 qui
365 3761 429 3825 Epir.
448 3764 554 3810 LXXIV
567 3767 598 3811 A.
608 3764 665 3812 I’Io-
708 3763 779 3810 aliter
798 3763 917 3827 loquutus
936 3773 985 3821 est,
1006 3763 1071 3824 Epit.
1090 3761 1219 3822 LXXVII,
1247 3795 1249 3799 ·

158 3838 204 3886 tius
216 3837 317 3900 (ficitur,
326 3839 410 3901 jndice
423 3841 509 3904 Pighio
522 3843 549 3888 in
558 3835 622 3891 Anu.
633 3841 663 3889 ad
710 3844 772 3890 inter
780 3860 840 3907 quos
846 3878 855 3900 ,
869 3843 895 3893 G.
906 3841 1001 3891 Marius
1009 3875 1016 3896 ,
1024 3841 1217 3906 patruelibus,

157 3935 178 3965 a.
194 3917 246 3966 650
256 3952 263 3976 ‚
275 3934 329 3982 pag.
344 3916 401 3981 159.
706 3921 814 3986 judicati
821 3933 877 3970 sunt
883 3941 894 3980 ;
903 3921 946 3969 ubi
953 3920 1025 3968 etiam
1035 3920 1124 3978 Grom,
1134 3919 1219 3969 invitis

193 4012 217 4044 2.
227 3995 339 4043 Ariciam
354 4008 378 4044 et
391 3997 522 4048 Lanuvium
535 3999 643 4046 colonias
651 4015 663 4056 ;
709 4001 822 4049 omnibus
841 4002 924 4060 libris,
937 4000 1002 4059 conj.
1016 3997 1071 4045 Caii
1084 3999 1162 4046 Marii
1170 4016 1219 4063 pa·

157 4075 213 4123 vide
225 4074 257 4122 ad
268 4077 333 4139 Epir.
344 4079 461 4125 LXXIII.
475 4078 607 4126 Lanuvium
619 4095 665 4144 pro
711 4077 1217 4148 teretfllius.En.-Crassusfilius,etc.
1303 4104 1308 4114 ·

158 4153 284 4202 Lauiniam
293 4171 324 4210 ex
333 4155 427 4203 emend.
439 4156 534 4204 Cluver.
544 4158 597 4207 tut.
607 4149 665 4207 Ant.
710 4160 780 4208 aliter
798 4161 904 4224 Appian.
918 4158 990 4206 Cous.
1004 4159 1062 4204 Em.
1078 4157 1148 4204 cuv.
1167 4156 1218 4204 Cic.

256 4243 358 4310 VIII.
1054 4242 1097 4311 32
