2976 4712
678 380 926 450 EPITOMAE

474 612 705 681 ΕΡΙΤΟΜΕ
740 615 888 684 LIBRI
918 616 1120 685 XXXVII.

314 819 355 884 L·.
387 812 578 884 Cornelius
612 812 732 909 Scipio
763 812 915 901 consul,
946 813 1066 911 legato
1096 819 1146 916 P,
1166 815 1333 913 Sn'pione

265 923 432 996 Africano
453 922 544 1020 (qui
566 945 603 994 se
625 920 784 1019 legatum
801 920 923 994 tranis
942 923 1106 996 tutorum
1128 923 1288 1012 dixerat,
1303 927 1333 996 si

265 1035 298 1106 ei
320 1034 455 1107 Graecia
478 1031 682 1130 provincia¹
707 1030 980 1119 decerneretur,
1005 1057 1120 1130 quum
1145 1037 1182 1106 C.
1204 1035 1332 1123 Laelio,

264 1146 330 1242 qul
347 1143 504 1214 multum
522 1143 559 1212 in
581 1157 708 1212 senatu
729 1157 889 1240 poterat,
910 1167 952 1214 ea
976 1144 1163 1242 provincia
1185 1143 1263 1216 dari
1279 1147 1332 1217 vi-

264 1253 438 1349 deretur)
466 1251 650 1352 profectus
677 1251 723 1322 ad
751 1251 891 1338 bellum
916 1251 1086 1336 adversus
1112 1254 1332 1326 Antiochum
1381 1301 1383 1305 v

264 1364 484 1465 gerendum,
515 1363 554 1432 in
580 1363 699 1432 Asiam
729 1363 868 1459 primus
898 1365 1062 1436 omniurn
1095 1387 1332 1436 romanorum

263 1474 398 1546 ducum
428 1472 579 1568 trajecit.
616 1470 777 1541 AEmilius
812 1473 971 1570 Regillus
1000 1473 1170 1546 adversus
1196 1475 1331 1570 regiam

263 1587 412 1658 classem
430 1582 624 1654 Antiochi²
643 1581 796 1653 feliciter
812 1584 987 1680 pugnavit
1004 1583 1050 1654 ad
1068 1589 1331 1681 Myonnesum,

263 1697 412 1768 Rhodiis
429 1691 692 1790 adjuvantibus.
713 1692 823 1763 Filius
837 1691 995 1764 Africani
1009 1691 1055 1768 ab
1073 1693 1255 1764 Antiocho
1272 1718 1330 1765 ca-

135 1867 139 1874 .
263 1824 367 1906 ptus,
393 1806 486 1903 patri
509 1805 678 1875 remissus
696 1816 761 1874 cst.
780 1801 839 1874 Μ’.
857 1802 991 1875 Acilius
1014 1802 1162 1874 Glabrio
1186 1803 1233 1874 de
1255 1809 1329 1874 An-

262 1914 403 2002 tioch0,
424 1938 534 2012 quern
556 1914 693 1984 Graecia
713 1911 916 2011 expulerat,
936 1927 980 1983 et
995 1912 1041 1984 de
1058 1914 1182 1984 AEtolis
1199 1914 1330 1983 trium-

261 2026 395 2126 phavit
414 2026 521 2094 Victo
535 2021 666 2095 deinde
680 2022 860 2129 Antiocho
874 2027 946 2094 aL.
959 2023 1129 2095 Cornelio
1143 2024 1329 2122 Scipione,

261 2135 451 2230 adjuvante
465 2141 625 2206 Eumene
639 2157 724 2230 rege
736 2135 918 2231 Pergami,
928 2133 1035 2204 Attali
1048 2129 1125 2205 lilio
1136 2159 1232 2233 ,pax
1249 2133 1329 2204 data

262 2261 315 2319 est
331 2271 372 2318 ea
375 2240 610 2331 conditione,
623 2259 665 2314 ut
678 2241 848 2314 omnibus
861 2245 1054 2370 provinciis
1068 2247 1156 2316 citra
1169 2249 1326 2316 Taurum

261 2371 424 2427 montem
445 2352 598 2424 cederet.
619 2355 793 2442 Eumeni,
814 2375 888 2452 quo
904 2355 1053 2450 juvante
1067 2353 1314 2426 Antiochus
1281 2380 1327 2424 vr·

261 2484 340 2539 ctus
364 2481 459 2553 erat,
483 2489 636 2562 regnum
660 2464 883 2563 ampliatum.
909 2463 1058 2536 Rhodiis
1077 2489 1245 2563 qnoque,
1264 2467 1326 2562 qui

260 2591 297 2650 et
314 2577 384 2673 ipsi
401 2577 587 2670 juverant,
607 2573 771 2671 quaedam
794 2569 953 2648 civitates
970 2577 1157 2648 concessae.
1178 2574 1326 2647 Colonia

260 2687 415 2761 deducta
433 2698 486 2756 est
502 2686 673 2755 Bononia.
692 2685 853 2756 AEmilins
868 2684 1045 2784 Regillus,
1060 2687 1126 2784 qui
1139 2682 1325 2783 praefectos

261 2795 429 2872 Antiochi
456 2793 574 2865 navali
601 2797 795 2866 certamine
825 2797 978 2884 vicerat,
1008 2796 1172 2867 navalem
1197 2795 1325 2866 trium·

258 2909 374 3007 phum
392 2907 506 2978 duxit.
529 2909 570 2977 L.
595 2905 783 2978 Cornelius
804 2907 945 3005 Scipio,
965 2909 1030 3005 qui
1049 2931 1133 2979 cum
1147 2903 1324 2978 Antiocho

258 3018 518 3103 debellaverat,
546 3017 763 3115 cognomine
785 3014 886 3087 fratri
905 3033 1128 3114 exaequatus,
1152 3017 1324 3095 Asiaticus

258 3128 457 3230 appellatus
473 3141 537 3198 est.

458 3357 686 3430 EPITOME
720 3357 862 3426 LIBRI
891 3360 1113 3428 XXXVIII.

258 3553 261 3562 λ
302 3570 352 3636 Μ.
369 3562 515 3634 Fulvius
531 3561 661 3632 consul
680 3563 719 3631 in
736 3564 848 3660 Epiro
869 3563 1140 3636 Ambracienses
1156 3563 1321 3640 obsessos

257 3679 294 3749 in
316 3673 539 3748 deditionem
556 3673 712 3769 accepit,
709 3679 712 3686 '
732 3672 999 3770 Cephalleniam
1020 3673 1182 3772 subegit,
1196 3677 1321 3748 AEtolis

290 3899 537 3949 trudmari
525 3873 754 3960 uichroerprbriu
729 3914 765 3944 ru-
810 3913 907 3959 earm
893 3899 1321 3988 exerdmmlnAahmtraJioereu

256 3975 769 4040 ci3anqu1bdambbntGoeorat
809 3978 1136 4044 DukMConloepntemt

259 4053 765 4120 ApGaecoladtat
846 4051 1320 4123 allegiamcsmlasedntiomlo

200 4188 204 4197 ,
255 4149 371 4191 cumen,
385 4143 453 4189 ut‚s
474 4131 628 4195 erepublica
641 4133 724 4181 videre
725 4144 766 4182 tur
810 4137 885 4186 Arme
886 4137 999 4186 ciAsone
1008 4138 1104 4201 glossa3
1118 4139 1183 4187 nuk.
