2970 4712
207 397 328 498 tntu
393 416 542 483 trinua
574 417 682 481 xuv.
711 415 815 480 car.
845 415 1002 481 xxxu.
1168 415 1237 486 333

181 534 312 608 deinde
341 550 426 604 sunt
453 535 598 604 recitata
628 534 832 629 principum
858 531 1119 619 Macedonum,
1147 561 1238 631 quos

180 672 263 718 cum
281 645 423 731 liberis,
442 641 640 737 majoribus
657 667 764 738 quam
780 642 986 738 quindecim
1002 666 1115 714 annos
1130 649 1238 733 natis,

179 755 380 854 praecedere
401 756 439 824 in
459 753 596 824 Italiam
619 751 786 849 placeret.
811 751 872 834 Id,
897 752 1013 848 prima
1034 756 1153 849 specie
1175 781 1239 827 sae-

179 891 284 952 vum,
302 889 387 934 mox
405 865 569 962 apparuit
588 860 811 934 multitudini
831 859 1091 946 Macedonum,
1112 885 1180 959 pro
1196 865 1239 933 li-

179 976 318 1048 bertate
341 1001 404 1047 sua
428 997 505 1044 esse
532 971 678 1042 factum.
706 972 887 1044 Nominati
912 986 996 1039 sunt
1022 972 1120 1040 euim
1147 977 1239 1072 regis

178 1086 284 1155 amici
302 1085 581 1182 purpuratique,
605 1081 713 1152 duces
732 1081 976 1161 exercituum,
996 1079 1152 1176 praefecti
1175 1111 1250 1178 na-¹

179 1197 277 1263 vium
304 1209 364 1263 aut
385 1191 656 1290 praesidiorum,
680 1191 812 1261 servire
838 1191 913 1286 regi
937 1189 1141 1292 humiliter,
1163 1196 1238 1266 aliis

179 1303 334 1401 superbe
356 1305 532 1400 imperare
557 1303 707 1386 assueti;
728 1299 929 1397 praedivites
947 1301 1025 1389 alii,
1047 1301 1124 1390 alii,
1146 1330 1239 1400 quos

178 1412 325 1483 fortuna
343 1437 419 1483 non
438 1426 644 1508 aequarent,
668 1411 724 1479 his
746 1409 951 1506 sumptibus
974 1435 1100 1508 pares:
1120 1417 1240 1512 regius

178 1523 347 1594 omnibus
365 1525 480 1594 victus
497 1522 736 1616 vestitusque3
758 1520 849 1588 nulli
865 1519 977 1590 civilis
995 1523 1152 1608 animus,
1177 1551 1239 1597 ne-

179 1658 250 1730 que
276 1633 396 1731 legum
424 1656 544 1728 neque
569 1629 741 1701 libertatis
766 1654 875 1726 aequae
899 1631 1036 1726 patiens
1049 1643 1075 1701 ².
1105 1638 1239 1704 Omnes

178 1745 307 1840 igitur,
325 1744 389 1839 qui
413 1744 450 1811 in
473 1739 653 1836 aliquibus
672 1739 876 1809 ministeriis
897 1741 1024 1835 regiis,
1049 1743 1155 1812 etiam
1176 1749 1239 1841 qui

178 1855 216 1922 iu
233 1854 389 1923 minimis
408 1849 646 1948 legationibus
665 1847 824 1936 fuerant,
842 1849 932 1942 jussi
949 1852 1159 1924 Macedonia
1176 1880 1238 1926 ex·

179 1961 326 2044 cedere,
347 1975 457 2058 atque
480 1962 517 2031 in
540 1959 677 2030 Italiam
695 1959 770 2028 ire:
792 1960 855 2054 qui
879 1985 953 2030 uon
977 1963 1152 2058 paruisset
1170 1968 1237 2035 im-

179 2074 298 2168 perio,
311 2091 410 2141 mors
425 2070 644 2141 denuntiata.
661 2073 773 2164 Leges
788 2069 1006 2142 Macedoniae
1020 2072 1140 2144 dedit³
1156 2101 1237 2147 cum

177 2195 276 2252 tanta
297 2205 401 2269 cura,
428 2196 468 2250 ut
494 2205 568 2250 non
593 2176 758 2276 bostibus
784 2179 905 2264 nictit,
931 2180 992 2250 sed
1019 2184 1122 2252 sociis
1144 2183 1238 2257 bene

178 2293 330 2378 meritis,
345 2293 430 2362 dare
444 2288 636 2376 videretur,
651 2303 687 2358 et
701 2312 791 2383 quas
806 2314 851 2359 ue
865 2313 951 2360 usus
967 2290 1113 2386 quidem
1130 2293 1238 2393 longo

177 2417 360 2499 tempore,
383 2403 447 2498 qui
464 2425 558 2474 uuus
577 2413 631 2468 est
648 2397 767 2493 legum
788 2413 990 2486 corrector,
1017 2393 1237 2498 experiendo

177 2526 353 2608 argueret.
381 2511 436 2584 Ab
462 2511 561 2608 seriis
583 2506 692 2578 rebus
715 2506 918 2595 ludicrum,
938 2509 1045 2604 quod
1059 2535 1103 2580 ex
1121 2514 1236 2584 multo

178 2637 260 2692 aute
276 2623 510 2719 praeparatol,
525 2634 559 2690 et
576 2620 613 2686 in
629 2618 718 2686 Asiae
731 2617 910 2704 civitates,
925 2632 962 2688 et
977 2617 1020 2688 ad
1038 2645 1140 2716 reges
1156 2627 1237 2694 mis-

176 2735 243 2819 sis,
262 2735 326 2829 qui
347 2731 620 2814 denuntiarent,
639 2740 677 2796 et
694 2749 808 2820 quum
826 2728 1031 2798 circumiret
1048 2730 1125 2824 ipse
1142 2737 1235 2802 Grae-

177 2844 239 2913 ciae
255 2843 431 2926 civitates,
451 2839 625 2908 indixerat
647 2834 891 2936 principibus,
912 2860 1044 2932 magno
1062 2856 1236 2934 apparatu

176 3059 315 3094 remmom.
335 3043 395 3102 Τοὺς
420 3039 529 3110 πρώτους
551 3040 593 3088 τοῦ
617 3053 683 3087 eurt-
726 3037 862 3104 mas,
878 3038 938 3084 n.3.
959 3063 993 3074 -·-
1010 3039 1041 3082 ln
1054 3037 1177 3101 aliquibus
1191 3044 1235 3090 mi-

176 3120 244 3193 δρὶου
257 3123 320 3170 dixit
336 3121 441 3170 Diodor,
459 3122 485 3166 in
500 3120 561 3165 Exn.
580 3117 681 3165 Peiresc.
726 3113 829 3162 nisteriis
838 3116 908 3180 regiis
913 3133 923 3172 ,-
933 3115 1008 3162 editio
1017 3117 1130 3180 princeps
1137 3120 1235 3168 exhibet

162 3221 232 3269 pag.
248 3219 309 3267 292,
325 3203 367 3250 ubi
381 3201 433 3250 vid.
444 3199 524 3247 Valeo.
535 3225 569 3238 -
583 3194 683 3260 Majbri-
726 3191 750 3238 in
761 3194 858 3257 aliquis.
872 3194 926 3242 Pari
939 3194 1014 3242 modo
1025 3195 1113 3259 aliquis
1127 3214 1173 3261 pro
1188 3202 1234 3248 ali-

178 3285 220 3331 bns
232 3299 307 3348 quam
315 3284 449 3330 XVannos
460 3279 540 3334 natis,
556 3277 618 3326 forte
630 3291 682 3328 ma·
726 3272 812 3336 quibus
824 3274 904 3338 plnres
914 3273 987 3322 codd.
995 3275 1125 3337 praelemnt
1134 3279 1221 3326 XXVI
1228 3317 1235 3338 ,

172 3361 268 3425 jorr'bur
276 3363 326 3410 XV
333 3360 405 3409 annis
417 3370 491 3416 natu,
508 3368 535 3406 ut
548 3357 613 3422 apud
629 3355 682 3404 Cic.
727 3360 774 3413 tat
787 3349 855 3416 quod
864 3368 909 3416 pro
922 3353 1024 3416 aliqueis
1036 3356 1142 3416 positum
1154 3360 1235 3406 existir

177 3440 251 3489 Acad.
265 3443 304 3498 ΙΙ,
327 3457 370 3503 ι9,
389 3440 496 3487 etVerr.
518 3438 554 3494 11,
574 3445 623 3501 49,
643 3436 682 3482 vel
725 3443 775 3480 mat
785 3431 922 3480 Rhenanus.
935 3431 983 3480 Se'd
995 3432 1043 3479 vid.
1053 3433 1127 3480 Drak.
1137 3437 1169 3482 ad
1181 3437 1206 3484 h.
1216 3438 1233 3485 l.

177 3517 682 3576 untumm.xt'annis;1)nt.conf.0u
725 3511 1008 3575 etaXmll,(io,§7.
1031 3512 1076 3560 Eu.
1146 3561 1149 3566 ,

177 3595 250 3643 dend.
268 3597 299 3644 ad
318 3598 427 3645 Frontin.
451 3598 497 3655 tv,
517 3614 539 3654 1,
556 3597 572 3662 s
592 3613 636 3656 ro,
657 3609 682 3645 et
762 3594 868 3656 Meges
885 3590 1038 3640 Macedonia
1055 3590 1137 3647 dedit,
1154 3594 1231 3642 scilic.

176 3675 255 3738 intpp.
264 3675 328 3738 Nep.
339 3678 419 3723 llauu.
434 3677 462 3731 3,
474 3687 499 3722 et
510 3675 609 3738 delleg,
623 3691 646 3722 a.
724 3671 834 3720 AEmittus
855 3669 964 3727 Paullus,
980 3685 1029 3733 quo
1048 3680 1072 3716 et
1090 3686 1156 3733 seqq.
1178 3689 1233 3735 spe·

211 3768 237 3799 a.
248 3753 317 3816 Regis
327 3753 583 3817 amicipurpmutique
637 3757 682 3801 ier»
725 3761 844 3808 etant,ut
853 3749 974 3813 praeeedd.
984 3775 1018 3784 --
1031 3751 1096 3795 Unus
1107 3760 1142 3796 est
1154 3751 1238 3813 legum

178 3828 226 3874 vire
238 3831 291 3894 regi
302 3829 462 3879 humiliter...
476 3830 591 3892 patiens:
603 3831 681 3878 aulam
725 3839 862 3884 correctum·
876 3827 932 3874 vide
948 3826 979 3873 ad
1000 3828 1025 3882 1,
1047 3842 1095 3886 αι,
1113 3843 1137 3874 n.
1159 3829 1184 3876 3.
1198 3855 1233 3866 --

175 3907 280 3969 aliqum
296 3919 383 3956 nostrae
398 3909 475 3956 aetatis
487 3907 624 3956 adumbrari
637 3927 682 3973 pu·
726 3906 898 3972 Experiendo,·
909 3906 964 3954 vide
975 3905 1006 3952 ad
1019 3907 1110 3965 XLIV,
1121 3914 1197 3965 lmi-
1209 3911 1234 3956 3.

176 3996 219 4033 tes.
228 4011 263 4022 --
272 3986 341 4033 Nulli
349 3986 423 4034 civilis
435 3986 545 4043 animur,
558 4003 636 4051 neque
650 3989 682 4034 le-
762 3995 785 4041 4.
796 3987 834 4033 ΑΙ
848 3985 916 4032 seriis
935 3985 1004 4034 ntus
1014 3983 1024 4048 (
1031 3984 1081 4032 vid.
1091 3988 1116 4042 1,
1129 4001 1151 4046 r,
1160 4003 1184 4034 n.
1198 3988 1213 4035 5
1225 3992 1233 4052 )

174 4079 235 4126 guin
250 4080 327 4127 neque
347 4064 463 4112 libertatis
481 4081 550 4128 oeque
566 4065 681 4127 patients
726 4063 976 4127 ludicrum,qu0deae
986 4063 1060 4110 multo
1072 4077 1233 4130 anteproepa·

176 4133 231 4180 Vide
250 4135 281 4182 ad
296 4137 340 4194 IV,
361 4137 389 4193 5,
406 4151 431 4186 1¹·
448 4137 590 4196 ¹3V11‚⁵‚
609 4152 633 4184 Β·
649 4151 680 4192 ²3
725 4155 794 4199 rato,
807 4154 935 4206 postquam
949 4143 1026 4193 multo
1044 4155 1099 4198 ante
1115 4145 1175 4192 illud
1189 4163 1232 4210 ap-
