2976 4712
498 325 771 394 alanorum
799 318 939 393 mvn
1121 405 1125 412 ⁴
1182 323 1253 406 aaa

191 444 299 516 dione
319 445 430 524 Uticae
446 442 638 542 depulsus,
659 443 810 519 hiberna
825 443 1070 518 communivit.
1088 446 1253 540 Sempro·

190 555 271 626 nius
296 546 423 624 consul
451 555 488 624 in
517 577 602 656 agro
633 555 859 626 Crotoniensi
885 577 1058 652 prospere
1083 551 1254 627 adversus

189 663 426 738 Hannibalem
447 665 629 762 pugnavit.
651 669 820 736 Lustrum
847 689 866 736 a
891 662 1100 736 censoribus
1130 663 1253 735 condi·

189 787 267 842 tum
289 786 353 850 est.
377 776 493 844 Censa
513 787 598 847 sunt
617 776 747 846 civium
769 775 884 872 capita
907 772 1062 846 ducenta
1081 786 1253 869 quatuor-

98 915 110 938 ·
162 881 306 967 ,decim
325 881 445 958 millia.
462 888 562 955 Inter
577 909 761 970 censores,
781 889 829 956 M.
848 884 989 956 Livium
1006 899 1042 954 et
1062 883 1264 958 Claudium
1387 931 1388 940 .

188 997 390 1082 Neronem,
413 989 582 1065 notabilis
608 995 786 1067 discordia
811 993 879 1065 fuit
895 1021 902 1064 :
919 1017 1003 1068 nam
1027 995 1063 1067 et
1085 992 1254 1065 Claudius

188 1103 290 1172 Livio
306 1102 451 1202 collegae
468 1128 605 1202 equum
623 1105 773 1193 ademit,
792 1103 930 1202 quoda
948 1104 1087 1202 populo
1105 1102 1253 1176 damna-

188 1227 247 1282 tus
271 1225 444 1311 actusque
468 1215 506 1284 in
533 1213 696 1286 exsilium
718 1213 854 1302 fuerat;
881 1227 917 1285 et
940 1213 1062 1284 Livius
1084 1210 1254 1300 Claudio,

188 1320 290 1418 quod
308 1319 436 1399 falsum
452 1324 490 1392 in
510 1349 548 1394 se
567 1325 813 1400 testimonium
827 1323 994 1410 dixisset,
1014 1336 1050 1394 et
1063 1321 1164 1420 quod
1177 1347 1254 1393 non

188 1431 284 1503 hona
301 1427 372 1504 lide
389 1421 510 1507 secum
526 1435 728 1534 ingratiam
748 1433 909 1506 redisset.
929 1433 1031 1504 Idem
1047 1455 1172 1502 omues
1193 1433 1253 1502 tri-

187 1541 277 1630 bus,
298 1559 399 1618 extra
419 1569 550 1632 unam,
568 1547 706 1616 aerarias
726 1544 890 1640 reliquit,
935 1541 1010 1613 uod
1030 1555 1067 1616 et
1080 1543 1264 1615 innocen,

187 1665 261 1722 tem
277 1676 313 1724 se
334 1650 580 1742 damnassent,
598 1668 634 1724 et
650 1668 775 1751 postea
790 1652 977 1726 consulem
992 1674 1252 1748 censoremque

188 1759 367 1838 fecissent.

445 1960 672 2048 arraona
703 1980 842 2048 mem
871 1980 990 2046 xxx.

235 2194 277 2261 In
291 2187 408 2260 Africa
422 2190 540 2286 Scipio
554 2188 864 2286 Carthaginienses
879 2201 915 2256 et
929 2184 1098 2257 eumdem
1115 2185 1250 2282 Sypha-

187 2325 264 2374 cem
295 2299 532 2372 Numidarum
566 2323 688 2396 regern
718 2295 1051 2393 Hasdrubalemque
1085 2294 1252 2392 pluribus

187 2411 315 2509 praeliis
338 2413 442 2500 vicit,
466 2410 658 2506 adjuvante
681 2409 884 2508 Masinissa,
911 2406 1069 2503 binaque
1094 2405 1251 2478 hostium

187 2535 301 2594 castra
321 2521 561 2618 expugnavit:
581 2521 621 2590 in
642 2518 775 2617 quibus
796 2516 1031 2614 quadraginta
1053 2514 1164 2620 millia
1184 2516 1253 2594 ho-

187 2633 325 2702 minum
343 2629 440 2702 ferro
456 2630 603 2728 ignique
622 2641 837 2724 consumpta
858 2642 950 2698 sunt
969 2621 1169 2723 Syphacem
1187 2649 1254 2722 per

187 2743 226 2816 C.
252 2741 402 2811 Laelium
424 2753 460 2811 et
479 2741 701 2814 Masinissam
724 2740 830 2836 cepit.
854 2738 1038 2811 Masinissa
1057 2735 1252 2832 Sophonis-

186 2847 292 2936 bam,
315 2873 464 2920 uxorem
490 2849 681 2946 Syphacis,
700 2843 815 2921 ¹filiam
837 2845 1089 2929 Hasdrubalis,
1112 2849 1252 2942 captam

186 2959 306 3036 statim
324 2957 539 3046 adamavit1,
564 2972 620 3044 et,
641 2959 777 3056 nuptiis
796 2951 916 3042 factis,
939 2977 1090 3060 nitorem
1112 2953 1249 3030 habuit.

182 3069 385 3167 castigatus
402 3094 424 3140 a
442 3070 606 3167 Scipione
626 3088 806 3140 venenum
826 3068 860 3137 ei
881 3065 1001 3142 misit:
1025 3089 1101 3161 quo
1121 3063 1251 3138 hausto

187 3180 247 3253 illa
271 3180 447 3258 decessit:
469 3177 713 3277 effectumque
734 3191 788 3250 est
805 3175 930 3248 multis
950 3173 1127 3272 Scipionis
1144 3173 1253 3244 victo·

186 3289 270 3380 riis,
293 3305 334 3363 ut
358 3290 690 3387 Carthaginienses,
715 3289 753 3360 in
779 3287 1067 3385 desperationem
1097 3283 1185 3369 acti,
1213 3283 1250 3350 in
1337 3308 1346 3329 =

153 3455 155 3462 ,
187 3401 357 3471 auxilium
379 3399 533 3498 publicae
556 3399 678 3470 salutis
703 3395 939 3496 Hannibalem
961 3420 1005 3466 ex
1026 3391 1125 3464 Italia
1146 3416 1250 3462 revo-

187 3526 320 3582 carent.
341 3517 450 3610 Isque
455 3566 467 3600 ,
485 3536 579 3581 anno
596 3509 738 3583 decimo
757 3522 856 3586 sexto
871 3503 976 3586 Italia
994 3502 1190 3586 decedens,
1211 3502 1249 3574 in

185 3620 339 3694 Africam
362 3621 518 3716 trajecit,
538 3621 763 3716 tentavitque
789 3642 857 3714 per
877 3614 1099 3712 colloquium
1124 3633 1249 3708 pacem

220 3851 291 3897 Eam.
303 3849 388 3898 XXX.
409 3863 429 3893 1.
448 3845 534 3894 Statim
554 3845 693 3904 adamavit5
736 3855 789 3902 tur,
802 3855 830 3892 ut
841 3857 894 3908 cap.
903 3838 1007 3905 praeced.
1019 3839 1131 3896 lecimus,
1143 3833 1247 3899 praeuili-

185 3931 262 3978 Grou.
278 3926 397 3974 editiones
411 3925 503 3972 habent
519 3925 630 3976 adamas.
646 3923 694 3973 Sed
736 3939 791 3972 mus
806 3918 946 3976 adamavit,
962 3917 1029 3981 quod
1042 3917 1134 3964 hahent
1145 3917 1247 3978 Campa·

186 4023 262 4072 quum
279 4014 365 4053 caetera
379 4005 460 4053 omnia
478 4004 503 4051 in
524 4005 570 4052 hac
587 4003 693 4068 epitome
736 4020 795 4062 uus,
810 4000 933 4057 Andreas,
955 4008 979 4046 et
1001 3996 1043 4045 alii
1067 3994 1164 4046 codices
1186 4008 1249 4057 quos

185 4085 257 4134 rerba
271 4101 315 4150 per
323 4083 472 4150 praeteritum
487 4096 581 4150 tempus
592 4083 691 4132 efferan—
736 4082 822 4138 laudat
843 4077 965 4127 Drakenb.
983 4079 1028 4125 Eu.
