2976 4712
288 341 357 430 450
689 347 936 418 EPITOMAE

283 468 461 566 gnabant,
478 470 601 566 paucis
620 468 803 565 equitibus
814 467 1040 563 juvantibus,
1064 467 1254 540 liberatum
1276 485 1347 556 est;

284 593 576 676 castrorumque,
596 603 676 675 quae
696 579 1026 675 Carthaginienses,
1045 578 1217 650 omnibus
1235 584 1348 678 copiis

281 689 327 762 ab
344 689 435 762 urbe
454 693 587 788 pariter
606 691 753 787 egressi,
771 689 1052 788 oppugnabant,
1070 691 1302 761 liberatorum
1317 693 1347 760 is

280 801 357 897 ipse
374 802 589 899 praecipuam
605 799 756 897 gloriam
774 801 866 872 tulit.
888 805 1078 884 Praeterea,
1099 825 1213 898 quum
1237 800 1283 872 ab
1301 803 1347 872 ir·

280 913 347 980 rita
365 911 637 1008 oppugnatione
654 910 877 1006 Carthaginis
896 911 1022 982 consul
1040 912 1150 1007 (alter
1164 913 1260 982 enim
1275 917 1348 998 Ro·

280 1022 446 1092 mamad
472 1021 614 1093 comitia
642 1018 754 1112 ierat)
782 1021 978 1093 exercitum
1004 1019 1153 1093 duceret
1177 1023 1347 1103 adversus

280 1130 558 1217 Hasdrubalem,
577 1131 640 1228 qui
655 1155 739 1201 cum
760 1131 872 1204 altera
887 1125 1021 1203 manu8
1033 1131 1200 1227 iniquum
1215 1131 1345 1202 saltum

191 1319 194 1324 ¹
280 1240 481 1326 insederat,
503 1243 613 1313 suasit
630 1243 748 1338 primo
768 1241 930 1327 consuli,
955 1265 1001 1311 ne
1022 1255 1094 1311 tam
1113 1243 1242 1338 iniquo
1263 1241 1345 1312 loco

279 1351 499 1450 confligeret.
525 1353 650 1424 Victus
674 1350 803 1424 deinde
828 1352 1089 1448 complurium,
1114 1354 1177 1446 qui
1202 1367 1239 1422 et
1261 1377 1345 1449 pru·

281 1459 411 1532 dentiae
430 1461 506 1556 ejus
524 1474 560 1532 et
576 1461 699 1532 virtuti
723 1458 954 1549 invidebant,
980 1463 1183 1548 sententiis,
1205 1476 1242 1532 et
1266 1463 1344 1561 ipse

279 1569 408 1640 saltum
423 1571 602 1666 ingramus
616 1583 687 1658 est;
707 1594 915 1668 quumque,
936 1572 1028 1641 sicut
1046 1570 1275 1668 praedixerat,
1294 1572 1345 1644 fu·

280 1705 341 1752 sus
361 1679 576 1778 fugatusque
597 1694 690 1752 esset
712 1703 882 1752 romanus
905 1680 1104 1769 exercitus,
1128 1695 1164 1766 ‚et
1185 1679 1266 1751 duae
1286 1707 1344 1752 co-

278 1791 403 1864 hortes
423 1789 468 1862 ab
493 1790 598 1862 hoste
618 1788 887 1877 obsiderentur,
913 1813 997 1860 cum
1020 1790 1156 1887 exiguis
1178 1793 1343 1886 equitum

277 1901 406 1972 turmis
427 1902 466 1970 in
486 1900 618 1970 saltum
635 1924 819 1986 reversus,
836 1898 1000 1973 liberavit
1013 1923 1072 1970 eas
1088 1914 1124 1970 et
1142 1899 1343 1973 incolumes

278 2010 432 2082 reduxit.
448 2012 567 2099 Quam
580 2011 749 2081 virtutem
768 2010 845 2104 ejus
860 2024 897 2080 et
913 2013 1023 2095 Cato,
1041 2011 1095 2078 vir
1108 2012 1343 2108 promptioris

278 2118 324 2189 ad
346 2120 624 2217 vituperandum
644 2119 792 2217 linguae,
818 2121 857 2188 in
880 2132 1006 2192 senatu
1029 2118 1079 2188 sic
1096 2135 1340 2216 prosequutus

195 2236 198 2240 ’
280 2245 355 2314 est,
383 2244 425 2299 ut
447 2219 601 2316 diceret,
622 2229 803 2328 reliquos,
825 2235 890 2326 qui
912 2234 949 2299 in
973 2228 1102 2319 Africa
1129 2228 1339 2316 militarent,

280 2339 427 2409 umbras
448 2338 622 2423 militare,
647 2342 849 2436 Scipionem
871 2344 1037 2436 vz’gerc9‚·
1057 2351 1092 2408 et
1110 2338 1269 2436 populus
1283 2364 1340 2410 ro·

278 2473 463 2520 manusco
477 2446 598 2519 favore
612 2449 839 2547 complexus,
855 2465 898 2545 ut
912 2448 1067 2520 comitiis
1079 2449 1242 2546 plurimae
1257 2474 1338 2520 eum

279 2558 395 2631 tribus
414 2559 598 2630 consulem
619 2559 817 2632 scriberent
829 2568 873 2646 ¹⁰,
897 2583 1011 2656 quum
1029 2558 1099 2650 hoc
1117 2582 1183 2656 per
1200 2573 1336 2629 aetatem

279 2694 353 2740 non
378 2669 510 2740 liceret.
534 2670 656 2759 Quum
675 2675 713 2740 L.
734 2668 941 2742 Scribonius
959 2667 1128 2740 tribunus
1145 2666 1264 2765 plebis
1281 2694 1338 2739 ro·

279 2781 460 2878 gationem
478 2765 761 2879 promulgasset,
780 2793 821 2850 ut
839 2780 999 2850 Lusitani
1010 2788 1054 2868 ¹¹,
1075 2778 1156 2874 qui,
1173 2779 1211 2847 in
1229 2775 1336 2849 fidem

277 2999 785 3064 0¹P¹¹8¹¹⁸f01123Gfflfl·Vld·1›iV·1H‚²¹‚
828 3021 885 3054 nam
904 3006 983 3069 prima
1003 3006 1044 3054 lex
1062 3005 1214 3054 tabellarias
1233 3005 1337 3053 Gabinio

278 3094 302 3126 n.
321 3081 346 3126 3.
364 3078 542 3144 Oppuguabaat
565 3077 658 3141 primns
677 3077 786 3142 reposuit
828 3084 877 3132 lata
896 3094 933 3132 est
949 3083 1046 3131 demum
1059 3099 1082 3132 a.
1093 3084 1124 3131 U.
1136 3082 1210 3132 cond
1224 3085 1336 3143 nem,

277 3158 351 3206 Frob.
362 3174 385 3204 a.
398 3157 471 3205 153⁵.
481 3156 519 3204 Cf.
531 3155 596 3219 tpit.
608 3157 711 3215 Lxxv,
719 3172 744 3202 n.
758 3157 782 3205 3.
829 3172 967 3226 antequam
978 3163 1092 3226 suffragia
1105 3162 1334 3225 pronuntiabantur,

313 3237 337 3283 8.
356 3236 414 3283 Οιιυι
431 3235 510 3283 altera
523 3250 612 3290 manu,
626 3236 699 3282 Voss.
714 3235 782 3292 alia,
805 3277 808 3282 ⁴
829 3257 881 3290 non
891 3241 1072 3299 scribebantur3
1083 3241 1160 3290 Gran.

277 3325 301 3362 et
313 3317 372 3362 Exc.
381 3313 446 3362 Pitb.
455 3327 506 3360 non
515 3312 577 3360 male
587 3313 678 3376 arapla.
867 3335 907 3369 11.
918 3322 947 3368 L.
961 3319 1097 3368 Scribonius
1108 3319 1169 3368 Libo
1184 3319 1292 3370 tribunus
1299 3323 1334 3385 pl.

313 3409 338 3455 9.
347 3391 471 3456 Reliquos,
488 3391 533 3456 qai
549 3391 573 3439 ia
594 3390 680 3457 Africa
696 3390 784 3440 milita·
829 3398 980 3463 rogationem
999 3398 1193 3463 promulgasset,
1219 3411 1248 3446 ut
1269 3401 1334 3448 Lusi·

278 3483 346 3529 rent,
362 3471 458 3518 reinbrat
471 3469 588 3527 militare,
601 3470 734 3535 Scipionem
747 3472 786 3520 vi·
829 3478 894 3534 tani,
908 3477 961 3542 qui.
969 3511 990 3525 ..
1005 3493 1022 3524 a
1033 3479 1083 3527 Ser.
1096 3474 1205 3541 Sulpicio
1218 3478 1299 3526 Galba
1310 3480 1334 3526 in

275 3567 347 3619 gera,
366 3565 448 3597 versus
464 3549 540 3598 Hom.
557 3550 647 3614 Odyss.
666 3551 707 3608 X,
725 3551 786 3613 495,
830 3555 937 3605 Galliam
949 3555 1085 3612 venissent,
1095 3555 1188 3604 venditi
1196 3573 1333 3606 murenam

278 3625 334 3691 Οἶος
344 3630 479 3688 πέπνυται,
491 3627 527 3679 τοὶ
534 3623 564 3680 dl
571 3627 638 3680 asiai
651 3629 785 3694 aiooauou,
829 3636 879 3684 dati
899 3646 987 3684 essent.
1003 3638 1033 3682 In
1049 3635 1133 3682 Gallia
1151 3635 1289 3685 emendavit
1299 3638 1333 3685 Sl·
1437 3682 1442 3695 ,

278 3713 309 3760 ad
329 3707 482 3774 Scipionem,
507 3709 574 3771 quod
597 3710 647 3770 iam
671 3709 734 3758 Plnt.
758 3711 784 3756 in
829 3730 885 3778 gon,
901 3713 1077 3778 (etintextum
1087 3714 1178 3779 recepit
1191 3715 1331 3779 Crcv.lln.).

280 3789 406 3854 Apopbth.
430 3787 535 3845 notavit,
553 3798 577 3836 ct
595 3789 626 3836 ad
644 3788 704 3835 alios
716 3788 783 3852 (vid.
829 3793 876 3840 Sed
888 3794 1026 3856 vulgatum,
1040 3791 1098 3840 licet
1115 3792 1248 3840 locutionis
1264 3793 1331 3855 bajus

279 3871 358 3934 intpp.
369 3873 442 3918 Hom.
453 3866 462 3930 )
474 3859 608 3938 translatus.
618 3870 655 3916 Ex
667 3885 697 3916 eo
707 3870 784 3917 Gran.
828 3872 938 3935 exempla
957 3870 1017 3920 mihi
1038 3888 1089 3921 non
1108 3881 1256 3936 suppetant,
1276 3889 1332 3936 praa·

278 3965 328 3996 non
338 3948 399 3994 male
412 3949 477 4006 conj.
491 3947 598 3994 volitare
608 3964 653 4011 pro
668 3947 781 3996 militare.
827 3951 999 3998 saramania
1016 3950 1100 3998 Gallia
1111 3951 1208 4009 vendit,
1223 3952 1266 4015 qui
1278 3951 1330 4000 alibi

317 4043 354 4074 ro.
368 4029 398 4074 Ut
408 4025 510 4074 comitiis
518 4025 632 4090 plurima
645 4044 698 4076 erim
709 4027 783 4078 tribas
827 4032 972 4081 constitutus
986 4030 1070 4078 vendit
1089 4047 1117 4078 ea
1134 4029 1293 4086 conditione,
1306 4043 1329 4078 ut

276 4106 395 4153 consulem
415 4105 555 4158 scriberent,
578 4107 639 4154 forte
653 4107 782 4171 juberent:
827 4109 852 4156 in
863 4109 964 4157 Galbam
978 4108 1120 4166 abducatur,
1138 4109 1204 4157 sicnt
1220 4109 1285 4173 apud
1298 4111 1331 4156 Li-
