2966 4708
337 383 402 452 DE
433 382 689 451 TRANSlTU
719 381 977 453 APENNINI.
1118 383 1180 455 561

58 571 64 578 ,
126 505 271 568 «nemin
285 503 397 590 primis
411 499 507 565 ltaliae
522 501 657 565 fertilem
672 523 756 582 esse,
769 521 964 589 camposque
978 505 1035 591 qui
1049 505 1186 572 Faesulas

127 637 139 660 «
152 606 236 668 inter
246 620 343 691 atque
354 601 517 667 Arretium
527 602 644 684 jacent,
657 602 832 684 frumento,
840 617 872 666 et
879 605 1069 694 omnicopia
1077 630 1186 674 rerum
1205 676 1211 684 ,

128 706 325 793 «opulentos
345 725 353 766 ι
371 718 523 791 praeterea
539 703 704 767 consulem
723 704 864 766 ferocem
883 702 1015 791 quidem
1033 724 1066 770 et
1083 730 1189 798 popu-

127 838 140 862 «
154 807 271 882 larem,
286 803 427 869 sedartis
438 804 558 869 bellicae
571 819 754 892 expertem,
766 820 798 867 et
811 804 908 868 rebus
923 805 990 868 suis
1004 807 1101 872 nimis
1115 833 1190 875 con·

127 939 140 962 a
154 905 327 988 fidentem,
345 905 497 994 cogitavit
513 904 673 994 optimum
689 905 777 986 fore,
791 905 848 968 sia
865 906 941 970 laeva
957 906 1068 971 relicto
1083 911 1188 994 hoste,

129 1039 141 1063 ι
153 1007 238 1070 ultra
249 1004 402 1095 progredi
413 1021 446 1070 et
458 1007 595 1070 Faesulas
605 1021 713 1095 petere
719 1005 899 1088 simularet,
908 1029 944 1071 ac
951 1007 1189 1094 praedabundus

128 1141 140 1163 u
154 1131 212 1196 per
220 1107 356 1172 Etnuiae
365 1129 458 1196 agros
469 1122 682 1197 grassaretur,
700 1123 787 1171 ratus
803 1108 987 1189 consulem,
1003 1110 1046 1173 ob
1061 1111 1189 1178 insitam

128 1241 140 1264 κ
156 1209 226 1289 ejus
239 1209 370 1299 ingenio
387 1208 595 1273 conciliandas
611 1207 699 1296 apud
714 1209 829 1296 vulgus
845 1211 952 1296 gratiae
967 1209 1189 1298 cupiditatem,

128 1309 244 1374 «haud
261 1331 430 1398 passurum
447 1310 625 1374 vastitatem
640 1331 699 1423 per
714 1309 910 1397 provinciam
921 1307 1013 1375 ⁴lieri:
1033 1329 1065 1375 et
1080 1331 1117 1378 ut
1131 1338 1189 1382 ne·

129 1443 143 1469 ι
162 1411 284 1475 minem
305 1412 389 1476 bene
404 1427 500 1501 gestae
516 1411 563 1474 rei
584 1412 709 1475 socium
732 1409 881 1491 baberet,
901 1433 1112 1524 nequaquam
1135 1439 1190 1481 ex·

128 1545 141 1568 «
153 1528 373 1627 spectaturum
388 1513 517 1603 collegae
533 1534 646 1614 opem,
663 1509 744 1574 sed
736 1533 843 1598 ipsum
856 1512 926 1574 suis
942 1512 1084 1597 viribus,
1097 1516 1190 1580 dimi·

128 1647 141 1671 «ι
157 1607 251 1678 candi
262 1614 371 1679 animo
380 1635 610 1702 ,quacumque
628 1611 787 1700 intrepide
804 1627 1053 1699 sequuturum.»

175 1716 346 1804 MNempe
352 1763 361 1797 ,
372 1732 477 1804 pergit
486 1715 599 1804 Polyb
610 1735 678 1800 cap.
689 1711 774 1794 83st
761 1729 902 1800 «quanta
914 1715 1074 1780 celeritate
1084 1735 1191 1806 potuit

130 1847 143 1872 ι
156 1816 334 1897 Hannibal,
348 1816 548 1881 aFresulanis
564 1816 647 1903 agris
661 1813 840 1902 proiectus,
854 1814 966 1878 relicto
978 1832 1053 1902 post
1068 1840 1103 1882 se
1119 1821 1190 1883 Fla-

129 1949 142 1974 «
159 1917 277 1999 minio,
305 1939 434 2005 campos
454 1917 588 1980 Etruriae
611 1914 753 1979 caedibus
768 1930 871 2001 ‘atque
891 1914 1047 1979 incendiis
1067 1935 1189 1985 vastare

127 2049 140 2072 «
154 2016 261 2105 coepit.
285 2016 413 2099 Quibus
432 2017 529 2080 rebus
547 2037 699 2080 accensus
717 2014 847 2096 consul,
865 2015 961 2078 simul
977 2021 1141 2083 contemni
1158 2044 1191 2084 se

128 2149 142 2174 ι
155 2118 196 2182 ab
212 2117 361 2181 hostibus
377 2134 515 2205 putans,
532 2118 628 2182 simul
641 2139 691 2180 res
708 2116 870 2180 sociorum
886 2117 921 2178 in
940 2136 1117 2207 conspectu
1131 2143 1190 2188 suo

129 2250 141 2275 «ι
156 2218 287 2300 vastari,
304 2219 366 2282 sibi
383 2219 524 2298 dedecus
544 2235 649 2300 ratus,
670 2219 795 2283 nullum
815 2217 931 2304 quietis
953 2219 1062 2284 locum
1079 2245 1192 2311 capere

129 2353 142 2378 ι
155 2337 290 2410 poterat.
306 2322 377 2386 Etsi
392 2323 492 2412 igitur
507 2323 601 2386 multi
617 2320 790 2387 suaderent
806 2321 961 2408 collegam
977 2340 1191 2410 exspectaret,

128 2455 142 2479 ι
156 2421 369 2488 nihilominus
398 2425 432 2486 in
456 2424 670 2490 Hannibalem
689 2444 765 2487 suos
781 2423 876 2502 jussit
893 2423 1121 2512 irrumpere...
1141 2427 1193 2492 Ad

129 2555 142 2580 κ
156 2523 318 2586 sinistram
334 2523 521 2587 Hannibalis
534 2527 676 2588 Cortona
695 2522 774 2587 urbs
791 2539 876 2603 erat,
896 2522 936 2586 ad
954 2522 1098 2589 dextram
1114 2528 1192 2591 Tra·

130 2624 299 2688 «simenus
317 2622 421 2703 lacus3
444 2622 499 2684 ille
524 2625 800 2710 quamplurimum
823 2645 915 2710 agros
941 2625 1098 2704 vastabat,
1124 2649 1191 2712 quo

131 2757 144 2780 ι
158 2723 257 2812 magis
273 2722 452 2787 irritaretur
477 2722 603 2786 animus
624 2722 776 2786 consulis.
808 2724 908 2803 Dein,
927 2723 984 2784 ubi
1013 2725 1190 2814 ingressam

131 2859 144 2882 tt
160 2846 291 2912 campos
304 2826 457 2904 majorem
471 2839 594 2911 partem
606 2824 782 2910 copiarum,
795 2838 827 2884 et
837 2823 903 2902 jam
915 2824 1188 2913 propinquantem

129 2958 142 2982 «
157 2926 219 2990 sibi
232 2926 399 2989 consulem
415 2923 652 3004 animadvertit,
665 2922 799 2986 obversa
812 2924 920 2985 fronte
936 2921 990 2986 dat
1006 2925 1100 2989 simul
1119 2950 1192 2992 om·

128 3059 141 3083 «
154 3026 251 3091 nibus
268 3025 440 3091 invadendi
455 3026 602 3116 signum,
621 3023 709 3088 etad
727 3047 781 3088 eos
800 3023 919 3104 mittit,
939 3025 1046 3111 quiin
1066 3028 1190 3098 insidiis

131 3143 265 3208 «erant,
285 3143 321 3191 ut
343 3142 600 3215 prorumperent.
626 3123 784 3189 »Scilicet
808 3125 914 3188 lacum
927 3123 1020 3188 -iuter
1040 3142 1072 3190 et
1094 3131 1191 3195 colles

131 3229 312 3316 proximos,
337 3229 451 3317 ingens
467 3226 547 3290 illud
564 3226 774 3290 commissum
791 3225 854 3287 fuit
872 3222 1028 3313 praelium.

176 3329 234 3392 His
251 3351 290 3393 ex
304 3328 430 3417 Polybii
445 3329 524 3392 locis
541 3328 613 3390 satis
629 3341 717 3415 patet
732 3325 961 3406 Hannibalem,
974 3325 1139 3393 debellatis
1152 3330 1193 3395 ad

131 3429 280 3493 Trebiam
296 3430 466 3511 Romanis,
484 3429 518 3492 in
534 3429 694 3493 Etruriam
708 3427 840 3516 palustri
858 3427 996 3491 maxime
1009 3428 1124 3494 itinere
1137 3432 1192 3502 de-

130 3531 272 3613 venisse,
288 3554 363 3595 mox
370 3529 541 3619 paludibus
554 3552 716 3618 egressum
727 3546 828 3593 castra
836 3529 982 3618 posuisse
993 3528 1034 3593 ad
1043 3532 1191 3615 Faesulas,
1218 3527 1224 3530 ⁸

132 3653 169 3695 ac
189 3629 306 3695 deinde
319 3632 397 3694 laeva
408 3631 524 3695 relictis
540 3647 614 3718 post
626 3652 659 3694 se
672 3628 826 3694 Romanis
841 3631 897 3717 qui
912 3652 1015 3718 prope
1030 3633 1190 3700 Arretium

133 3731 465 3821 constiterant,squod
478 3733 544 3822 agri
561 3749 609 3796 est
625 3735 799 3796 Cortonam
814 3729 928 3797 urbem
943 3730 1029 3794 inter
1042 3750 1073 3796 et
1085 3735 1190 3801 lacum

98 3846 101 3854 ·
134 3831 359 3897 Trasimenum
374 3855 556 3921 occupasse.
569 3832 653 3898 lllud
664 3834 763 3924 igitur
773 3835 914 3919 primum
931 3855 991 3920 pro
1008 3833 1191 3904 indubitato

35 3961 38 4036 1
75 3993 83 4008 ,
134 3935 307 4018 habemus,
330 3938 465 4002 Poenum
489 3939 604 4003 ducem
624 3939 664 4004 ab
688 3939 770 4028 agris
794 3937 966 4000 Faesulanis
990 3938 1190 4030 profectum
1245 3933 1250 3946 '

135 4060 192 4125 per
209 4041 408 4126 superiorem
432 4061 528 4126 quam
551 4043 659 4104 Arnus
680 4037 836 4105 interfluit
858 4038 988 4115 vallem,
1012 4037 1189 4132 Arretium,

37 4089 42 4250 1
135 4153 167 4201 et
190 4137 281 4221 inde,
300 4138 480 4204 secundum
509 4141 662 4206 Clanis
637 4161 737 4230 ripas,
765 4142 797 4204 in
823 4141 1058 4206 Cortonensem
1078 4167 1190 4234 agrum

260 4242 359 4314 VIII.
685 4308 689 4314 ,
864 4323 866 4326 ,
1026 4239 1070 4313 36
