2976 4712
866 133 876 172 l

480 381 921 452 trunonunmvn.
1080 468 1084 475 .
1166 375 1235 474 393

170 505 264 577 bove
277 518 406 576 aurato
423 500 578 574 donatus
594 517 656 574 est.
683 503 823 600 Legatis
837 500 1004 575 romanis
1022 525 1046 570 a·
1063 497 1238 572 Fidenati·

172 615 244 686 bus
259 615 405 701 occisis,
425 615 604 711 quoniam·
622 612 672 684 ob
694 610 954 710 rempublicam
972 607 1238 699 occubuerant,

173 738 297 795 statuae
318 726 357 794 in
376 725 514 796 Rostris
533 724 657 821 positus
675 738 769 795 sunt.
797 727 929 794 Cossus
946 720 1157 793 Cornelius?
1174 721 1238 792 tri·

172 831 296 905 hunus
328 834 507 922 militum,
536 835 656 906 occiso
687 833 879 904 Tolumnio
905 854 990 927 rege
1014 831 1238 920 Veientium,

172 946 293 1042 opima
310 944 427 1042 spolia
445 942 757 1016 secundametulit.
776 947 883 1014 Mam.
900 941 1060 1014 AEmitius
1077 939 1238 1030 dictator,

173 1075 332 1127 censurae
351 1054 515 1142 honore,
535 1057 600 1152 qui
620 1070 724 1126 antea
740 1078 807 1151 per
825 1051 1114 1150 quinquennium
1136 1075 1238 1146 gere·

75 1241 79 1255 ‚
172 1162 300 1254 batur,
319 1166 403 1236 anni
419 1179 455 1237 et
468 1189 530 1236 sex
547 1164 723 1237 mensium
741 1164 855 1262 spatio
868 1160 991 1250 linito,
1005 1159 1054 1234 oh
1067 1183 1147 1256 eam
1160 1179 1238 1234 rem

172 1297 193 1344 a
217 1274 429 1346 censoribus
456 1288 601 1346 notatus
627 1289 692 1345 est.
721 1273 862 1346 Fidenae
886 1273 924 1344 in
951 1285 1164 1369 potestatem
1182 1295 1238 1342 re·

173 1383 303 1471 dantes,
323 1407 441 1481 eoque
459 1383 576 1454 coloni
599 1385 699 1455 missi
721 1379 839 1455 sunt³.
862 1381 1004 1475 Quibus
1025 1381 1171 1470 occisis,
1185 1383 1237 1452 Fi·

173 1491 340 1577 denates,
360 1515 474 1591 quum
491 1491 723 1584 defecissent,
743 1519 763 1565 a
778 1499 885 1565 Mam.
901 1492 1041 1564 AEmilio
1064 1491 1237 1565 dictatore

172 1603 257 1674 vieti
275 1617 380 1690 sunt,
396 1618 432 1674 et
450 1601 590 1675 Fidenae
605 1617 726 1703 captae.
746 1605 958 1702 Conjuratio
972 1627 1158 1676 servorum
1173 1627 1238 1700 op·

173 1735 295 1810 pressa
307 1727 370 1784 est.
387 1715 610 1802 Postumius,
627 1713 797 1786 tribunus
808 1715 982 1802 militum,
997 1727 1147 1812 propter
1160 1735 1239 1784 cru·

172 1822 355 1894 delitatem
373 1822 419 1894 ab
437 1825 597 1896 exercitu
615 1825 753 1896 occisus
770 1838 834 1896 est.
854 1821 1079 1920 Stipendium
1096 1845 1141 1891 ex
1155 1838 1237 1890 aera-

172 1936 228 2005 rio
251 1948 329 2004 tum
355 1935 514 2030 primum
539 1934 714 2007 militibus
740 1935 865 2006 datum
886 1949 949 2004 est.
974 1938 1044 2005 Res
1068 1943 1238 2029 praeterea

167 2057 290 2140 gestas
314 2043 481 2116 adversus
508 2045 679 2136 Volscos,
704 2061 740 2116 et
768 2044 974 2130 Fidenates,
999 2058 1037 2114 et
1062 2040 1237 2128 Faliscos,

174 2155 343 2225 continet.

451 2374 693 2444 EPITOME
726 2376 872 2443 LIBRI
903 2375 946 2442 V.
1032 2425 1034 2430 -

221 2574 263 2641 In
285 2569 476 2642 obsidione
497 2574 668 2645 Veiorum
696 2573 929 2645 hibernacula
953 2571 1127 2666 militibus
1145 2570 1238 2642 facta

174 2696 268 2752 sunt.
288 2685 339 2752 Ea
356 2705 413 2786 res
434 2705 549 2779 quum
568 2698 661 2754 esset
680 2709 793 2773 nova,
816 2682 1102 2780 indignationem
1121 2680 1236 2752 tribu-

170 2815 300 2863 uorum
319 2790 436 2887 plebis
453 2793 586 2878 movit,
604 2795 837 2890 querentium
857 2817 933 2864 non
955 2791 1031 2862 dari
1049 2788 1150 2891 plebi
1168 2814 1236 2862 nec

170 2923 236 2996 per
261 2899 418 2970 hiemem
446 2900 578 2972 militiae
604 2903 779 2998 requiem.
806 2905 955 2999 Equites
979 2916 1058 2971 tum
1078 2901 1238 2997 primum

172 3010 274 3103 equis
288 3010 361 3080 suis
376 3033 516 3080 merere
535 3027 735 3108 coeperunt.
753 3014 876 3103 Quum
895 3009 1084 3081 inundatio
1098 3035 1143 3081 ex
1159 3009 1239 3080 lacu

171 3116 311 3189 Albano
331 3117 423 3190 lacta
443 3134 556 3210 esset,
576 3136 691 3209 vates,
709 3124 773 3218 qui
790 3147 870 3194 eam
888 3146 966 3192 rem
984 3123 1238 3218 interpretare·
1344 3209 1346 3220 Ι

173 3241 243 3315 tur,
257 3228 303 3302 de
321 3229 487 3302 hostibus
507 3245 632 3330 captus
650 3243 739 3304 est1.
757 3236 885 3304 Furius
901 3232 1071 3304 Camillus
1086 3231 1238 3303 dictator

175 3448 267 3496 occisus
281 3461 335 3498 est:
349 3437 398 3498 eid
412 3467 464 3500 nou
477 3463 546 3517 patet
559 3469 591 3501 ex
604 3469 685 3501 narra·
765 3470 789 3500 2.
804 3455 887 3502 Cossus
906 3452 1045 3512 cumdio,-
1061 3451 1116 3500 vide
1134 3452 1166 3499 nd
1185 3451 1239 3498 Liv.

173 3527 241 3576 tione
256 3528 309 3576 Liv.
327 3531 371 3589 IV,
390 3538 436 3591 14,
453 3531 499 3591 153
513 3543 538 3580 et
549 3532 603 3581 Val.
616 3533 685 3580 Max.
729 3533 781 3591 111,
794 3547 822 3590 1,
834 3549 860 3581 n.
873 3548 895 3580 1.

173 3605 206 3663 V,
220 3607 248 3664 3,
264 3605 280 3670 5
298 3623 329 3657 a:
347 3623 431 3656 verum
446 3607 568 3658 affirmant
579 3611 645 3658 Flos.
659 3613 683 3672 1,
766 3612 791 3658 3.
804 3611 891 3674 quue
903 3611 985 3659 coloni
995 3608 1062 3658 mr'rsi
1077 3618 1147 3666 sunt,
1162 3607 1238 3656 seilie.

175 3683 224 3744 ab,
242 3684 283 3749 §7
299 3685 361 3750 (ubi
374 3687 441 3735 conf.
461 3689 554 3738 Duker.
564 3685 585 3754 );
601 3687 685 3736 burel.
730 3689 798 3739 novi.
819 3690 892 3740 Coni.
914 3691 966 3739 Liv.
986 3690 1032 3749 tv,
1051 3691 1101 3747 30,
1125 3689 1166 3738 31.
1190 3685 1238 3737 esd

174 3763 241 3812 Vict.
256 3764 285 3812 de
294 3764 361 3813 Viris
376 3765 452 3815 illust.
465 3784 519 3833 cap.
532 3784 561 3830 ¹7
572 3784 580 3828 ;
590 3778 616 3816 et
626 3767 686 3815 Am·
729 3784 781 3817 non
792 3783 857 3831 esse,
871 3767 939 3833 quod
956 3769 1010 3817 heo
1026 3783 1077 3817 vox
1095 3767 1238 3828 adjiciatur,

175 3842 225 3907 pel.
246 3859 300 3906 cap.
313 3858 364 3905 27:
381 3843 476 3893 dubitet
492 3847 579 3897 Zonan
595 3846 685 3895 Annsl.
729 3847 802 3896 dooet
812 3847 888 3895 Drak.
899 3847 957 3897 coll.
970 3847 1023 3896 Liv.
1036 3847 1178 3905 XXXVII,
1189 3847 1238 3905 46,
1302 3882 1305 3887 -

175 3923 237 3981 vn,
249 3937 297 3982 ro,
310 3939 360 3986 quo
374 3933 473 3973 auctore
485 3925 563 3974 Ahala
576 3925 685 3974 Maelium
729 3938 753 3976 et
762 3927 891 3986 XXXIX,
902 3927 946 3976 23.

175 4001 321 4058 interfecit'h
335 4003 571 4073 obsequentissime,
582 4004 598 4061 ἢ
610 4008 683 4058 τοῦτο
762 4007 830 4055 Em.
840 4007 872 4054 V.
886 4021 908 4054 r.
920 4007 958 4054 De
968 4003 1074 4054 hostibus
1089 4016 1174 4069 eaptus
1186 4017 1235 4062 est,

121 4075 133 4092 '
177 4083 360 4151 κεκελευσμένος
376 4083 434 4154 πρὸς
448 4088 489 4136 τοῦ
505 4083 682 4156 Δικτεὶτορος»-
728 4087 768 4135 alii
791 4085 855 4135 MSS
871 4102 915 4146 ⁶²,
938 4098 962 4135 tt
983 4085 1093 4150 plerique
1112 4099 1238 4150 perperam

176 4158 298 4209 Draheuh.
