<?xml version="1.0" encoding="UTF-8"?>
<!DOCTYPE html PUBLIC "-//W3C//DTD XHTML 1.0 Transitional//EN"
    "http://www.w3.org/TR/xhtml1/DTD/xhtml1-transitional.dtd">
<html xmlns="http://www.w3.org/1999/xhtml" xml:lang="en" lang="en">
 <head>
  <title>
</title>
<meta http-equiv="Content-Type" content="text/html;charset=utf-8" />
  <meta name='ocr-system' content='tesseract 3.04.00' />
  <meta name='ocr-capabilities' content='ocr_page ocr_carea ocr_par ocr_line ocrx_word'/>
</head>
<body>
  <div class='ocr_page' id='page_1' title='image "./titusliviuspata02freigoog_0313.png"; bbox 0 0 2970 4712; ppageno 0'>
   <div class='ocr_carea' id='block_1_1' title="bbox 262 375 1464 2354">
    <p class='ocr_par' dir='ltr' id='par_1_1' title="bbox 272 375 1302 476">
     <span class='ocr_line' id='line_1_1' title="bbox 272 375 1302 476; baseline 0.002 -6"><span class='ocrx_word' id='word_1_1' title='bbox 272 385 341 470; x_wconf 69' lang='lat'><em>304</em></span> <span class='ocrx_word' id='word_1_2' title='bbox 691 392 730 456; x_wconf 81' lang='lat' dir='ltr'><em>r.</em></span> <span class='ocrx_word' id='word_1_3' title='bbox 761 391 896 457; x_wconf 75' lang='lat' dir='ltr'><em>nun</em></span> <span class='ocrx_word' id='word_1_4' title='bbox 1180 375 1302 476; x_wconf 70' lang='lat' dir='ltr'><em>stt-tt</em></span> 
     </span>
    </p>

    <p class='ocr_par' dir='ltr' id='par_1_2' title="bbox 270 509 1327 608">
     <span class='ocr_line' id='line_1_2' title="bbox 270 509 1327 608; baseline 0.009 -34"><span class='ocrx_word' id='word_1_5' title='bbox 270 524 363 577; x_wconf 86' lang='lat' dir='ltr'><em>trum</em></span> <span class='ocrx_word' id='word_1_6' title='bbox 374 523 514 576; x_wconf 80' lang='lat' dir='ltr'><em>eventus</em></span> <span class='ocrx_word' id='word_1_7' title='bbox 526 521 695 592; x_wconf 76' lang='lat' dir='ltr'><em>taceatur,</em></span> <span class='ocrx_word' id='word_1_8' title='bbox 707 515 828 578; x_wconf 87' lang='lat' dir='ltr'><em>Persei</em></span> <span class='ocrx_word' id='word_1_9' title='bbox 837 515 970 579; x_wconf 76' lang='lat' dir='ltr'><em>emitum</em></span> <span class='ocrx_word' id='word_1_10' title='bbox 982 509 1099 580; x_wconf 82' lang='lat' dir='ltr'><em>uideri</em></span> <span class='ocrx_word' id='word_1_11' title='bbox 1113 517 1180 608; x_wconf 85' lang='lat' dir='ltr'><em>qui</em></span> <span class='ocrx_word' id='word_1_12' title='bbox 1194 517 1327 604; x_wconf 80' lang='lat' dir='ltr'><em>eastu-</em></span> 
     </span>
    </p>

    <p class='ocr_par' dir='ltr' id='par_1_3' title="bbox 262 613 1464 1041">
     <span class='ocr_line' id='line_1_3' title="bbox 269 613 1464 715; baseline 0.008 -30"><span class='ocrx_word' id='word_1_13' title='bbox 269 635 369 685; x_wconf 89' lang='lat' dir='ltr'><em>terau</em></span> <span class='ocrx_word' id='word_1_14' title='bbox 389 617 488 686; x_wconf 81' lang='lat' dir='ltr'><em>cade</em></span> <span class='ocrx_word' id='word_1_15' title='bbox 505 630 647 712; x_wconf 85' lang='lat' dir='ltr'><em>raptum</em></span> <span class='ocrx_word' id='word_1_16' title='bbox 663 613 693 658; x_wconf 78' lang='lat'><em>¹³</em></span> <span class='ocrx_word' id='word_1_17' title='bbox 715 617 886 687; x_wconf 81' lang='lat' dir='ltr'><em>diademo</em></span> <span class='ocrx_word' id='word_1_18' title='bbox 911 625 947 688; x_wconf 84' lang='lat' dir='ltr'><em>r‘u</em></span> <span class='ocrx_word' id='word_1_19' title='bbox 971 620 1099 715; x_wconf 84' lang='lat' dir='ltr'><em>templo</em></span> <span class='ocrx_word' id='word_1_20' title='bbox 1120 624 1330 693; x_wconf 78' lang='lat' dir='ltr'><em>Samothra·</em></span> <span class='ocrx_word' id='word_1_21' title='bbox 1463 703 1464 712; x_wconf 18' lang='lat' dir='ltr'><em>q</em></span> 
     </span>
     <span class='ocr_line' id='line_1_4' title="bbox 267 719 1464 826; baseline 0.011 -33"><span class='ocrx_word' id='word_1_22' title='bbox 267 751 369 807; x_wconf 87' lang='lat' dir='ltr'><em>cum,</em></span> <span class='ocrx_word' id='word_1_23' title='bbox 392 725 494 794; x_wconf 86' lang='lat' dir='ltr'><em>uelut</em></span> <span class='ocrx_word' id='word_1_24' title='bbox 506 726 748 822; x_wconf 73' lang='lat' dir='ltr'><em>pruseuthus</em></span> <span class='ocrx_word' id='word_1_25' title='bbox 769 727 839 796; x_wconf 82' lang='lat' dir='ltr'><em>diis</em></span> <span class='ocrx_word' id='word_1_26' title='bbox 861 730 1086 825; x_wconf 74' lang='lat' dir='ltr'><em>erigentibus</em></span> <span class='ocrx_word' id='word_1_27' title='bbox 1103 757 1255 826; x_wconf 81' lang='lat' dir='ltr'><em>panas,</em></span> <span class='ocrx_word' id='word_1_28' title='bbox 1281 737 1332 802; x_wconf 83' lang='lat' dir='ltr'><em>ad</em></span> <span class='ocrx_word' id='word_1_29' title='bbox 1463 719 1464 806; x_wconf 86' lang='lat' dir='ltr'><em>l</em></span> 
     </span>
     <span class='ocr_line' id='line_1_5' title="bbox 262 821 1464 937; baseline 0.007 -33"><span class='ocrx_word' id='word_1_30' title='bbox 262 835 373 930; x_wconf 87' lang='lat' dir='ltr'><em>pedes</em></span> <span class='ocrx_word' id='word_1_31' title='bbox 388 841 533 904; x_wconf 85' lang='lat' dir='ltr'><em>uictoris</em></span> <span class='ocrx_word' id='word_1_32' title='bbox 548 835 659 904; x_wconf 82' lang='lat' dir='ltr'><em>tosus</em></span> <span class='ocrx_word' id='word_1_33' title='bbox 681 851 881 931; x_wconf 87' lang='lat' dir='ltr'><em>prostratus</em></span> <span class='ocrx_word' id='word_1_34' title='bbox 902 845 1075 932; x_wconf 75' lang='lat' dir='ltr'><em>posuerit.</em></span> <span class='ocrx_word' id='word_1_35' title='bbox 1104 843 1181 910; x_wconf 85' lang='lat' dir='ltr'><em>Eos</em></span> <span class='ocrx_word' id='word_1_36' title='bbox 1206 846 1324 937; x_wconf 76' lang='lat' dir='ltr'><em>ipsae,</em></span> <span class='ocrx_word' id='word_1_37' title='bbox 1463 821 1464 852; x_wconf 47' lang='lat'>¹</span> 
     </span>
     <span class='ocr_line' id='line_1_6' title="bbox 266 944 1329 1041; baseline 0.007 -27"><span class='ocrx_word' id='word_1_38' title='bbox 266 952 332 1041; x_wconf 89' lang='lat' dir='ltr'><em>qui</em></span> <span class='ocrx_word' id='word_1_39' title='bbox 343 998 353 1029; x_wconf 91' lang='lat'><em>,</em></span> <span class='ocrx_word' id='word_1_40' title='bbox 382 971 453 1014; x_wconf 85' lang='lat' dir='ltr'><em>uon</em></span> <span class='ocrx_word' id='word_1_41' title='bbox 483 945 537 1014; x_wconf 84' lang='lat' dir='ltr'><em>illi</em></span> <span class='ocrx_word' id='word_1_42' title='bbox 567 952 696 1030; x_wconf 82' lang='lat' dir='ltr'><em>amici,</em></span> <span class='ocrx_word' id='word_1_43' title='bbox 721 944 787 1014; x_wconf 79' lang='lat' dir='ltr'><em>secl</em></span> <span class='ocrx_word' id='word_1_44' title='bbox 813 949 966 1015; x_wconf 89' lang='lat' dir='ltr'><em>Eumeni</em></span> <span class='ocrx_word' id='word_1_45' title='bbox 991 949 1109 1036; x_wconf 84' lang='lat' dir='ltr'><em>infesti</em></span> <span class='ocrx_word' id='word_1_46' title='bbox 1116 1001 1126 1034; x_wconf 92' lang='lat'><em>,</em></span> <span class='ocrx_word' id='word_1_47' title='bbox 1152 951 1329 1020; x_wconf 81' lang='lat' dir='ltr'><em>stimulent</em></span> 
     </span>
    </p>

    <p class='ocr_par' dir='ltr' id='par_1_4' title="bbox 266 1046 1325 1154">
     <span class='ocr_line' id='line_1_7' title="bbox 266 1046 1325 1154; baseline 0.008 -33"><span class='ocrx_word' id='word_1_48' title='bbox 266 1078 371 1140; x_wconf 88' lang='lat' dir='ltr'><em>eum,</em></span> <span class='ocrx_word' id='word_1_49' title='bbox 394 1059 567 1150; x_wconf 84' lang='lat' dir='ltr'><em>pietatem</em></span> <span class='ocrx_word' id='word_1_50' title='bbox 585 1059 894 1150; x_wconf 80' lang='lat' dir='ltr'><em>constantiamque</em></span> <span class='ocrx_word' id='word_1_51' title='bbox 911 1054 1143 1142; x_wconf 79' lang='lat' dir='ltr'><em>laudaturos,</em></span> <span class='ocrx_word' id='word_1_52' title='bbox 1163 1046 1198 1127; x_wconf 81' lang='lat' dir='ltr'><em>si</em></span> <span class='ocrx_word' id='word_1_53' title='bbox 1206 1059 1325 1154; x_wconf 83' lang='lat' dir='ltr'><em>fidem</em></span> 
     </span>
    </p>

    <p class='ocr_par' dir='ltr' id='par_1_5' title="bbox 266 1163 863 1260">
     <span class='ocr_line' id='line_1_8' title="bbox 266 1163 863 1260; baseline 0.002 -28"><span class='ocrx_word' id='word_1_54' title='bbox 266 1163 319 1232; x_wconf 90' lang='lat' dir='ltr'><em>ad</em></span> <span class='ocrx_word' id='word_1_55' title='bbox 335 1163 498 1232; x_wconf 84' lang='lat' dir='ltr'><em>ultimum</em></span> <span class='ocrx_word' id='word_1_56' title='bbox 506 1166 623 1253; x_wconf 83' lang='lat' dir='ltr'><em>fratri</em></span> <span class='ocrx_word' id='word_1_57' title='bbox 630 1169 863 1260; x_wconf 70' lang='lat' dir='ltr'><em>praestitisset.</em></span> 
     </span>
    </p>

    <p class='ocr_par' dir='ltr' id='par_1_6' title="bbox 263 1273 1325 2246">
     <span class='ocr_line' id='line_1_9' title="bbox 313 1273 1324 1372; baseline 0.005 -30"><span class='ocrx_word' id='word_1_58' title='bbox 313 1279 388 1343; x_wconf 88' lang='lat' dir='ltr'><em>XX.</em></span> <span class='ocrx_word' id='word_1_59' title='bbox 417 1278 498 1342; x_wconf 84' lang='lat' dir='ltr'><em>Haec</em></span> <span class='ocrx_word' id='word_1_60' title='bbox 524 1273 606 1369; x_wconf 91' lang='lat' dir='ltr'><em>plus</em></span> <span class='ocrx_word' id='word_1_61' title='bbox 629 1273 771 1343; x_wconf 88' lang='lat' dir='ltr'><em>valuere</em></span> <span class='ocrx_word' id='word_1_62' title='bbox 792 1275 829 1341; x_wconf 93' lang='lat' dir='ltr'><em>in</em></span> <span class='ocrx_word' id='word_1_63' title='bbox 852 1275 958 1344; x_wconf 83' lang='lat' dir='ltr'><em>Attali</em></span> <span class='ocrx_word' id='word_1_64' title='bbox 982 1278 1111 1345; x_wconf 85' lang='lat' dir='ltr'><em>animo.</em></span> <span class='ocrx_word' id='word_1_65' title='bbox 1131 1281 1256 1372; x_wconf 88' lang='lat' dir='ltr'><em>Itaque</em></span> <span class='ocrx_word' id='word_1_66' title='bbox 1274 1280 1324 1346; x_wconf 92' lang='lat' dir='ltr'><em>in-</em></span> 
     </span>
     <span class='ocr_line' id='line_1_10' title="bbox 265 1382 1324 1479; baseline 0.004 -27"><span class='ocrx_word' id='word_1_67' title='bbox 265 1382 453 1454; x_wconf 86' lang='lat' dir='ltr'><em>troductus</em></span> <span class='ocrx_word' id='word_1_68' title='bbox 478 1385 515 1452; x_wconf 92' lang='lat' dir='ltr'><em>in</em></span> <span class='ocrx_word' id='word_1_69' title='bbox 541 1397 724 1469; x_wconf 88' lang='lat' dir='ltr'><em>senatum,</em></span> <span class='ocrx_word' id='word_1_70' title='bbox 748 1382 944 1479; x_wconf 84' lang='lat' dir='ltr'><em>gratulatus</em></span> <span class='ocrx_word' id='word_1_71' title='bbox 965 1385 1149 1454; x_wconf 83' lang='lat' dir='ltr'><em>victoriam</em></span> <span class='ocrx_word' id='word_1_72' title='bbox 1162 1391 1188 1470; x_wconf 87' lang='lat'><em>¹,</em></span> <span class='ocrx_word' id='word_1_73' title='bbox 1210 1400 1246 1455; x_wconf 90' lang='lat' dir='ltr'><em>et</em></span> <span class='ocrx_word' id='word_1_74' title='bbox 1263 1411 1324 1456; x_wconf 86' lang='lat' dir='ltr'><em>sua</em></span> 
     </span>
     <span class='ocr_line' id='line_1_11' title="bbox 264 1489 1325 1588; baseline 0.006 -28"><span class='ocrx_word' id='word_1_75' title='bbox 264 1493 390 1563; x_wconf 90' lang='lat' dir='ltr'><em>merita</em></span> <span class='ocrx_word' id='word_1_76' title='bbox 408 1517 451 1562; x_wconf 89' lang='lat' dir='ltr'><em>eo</em></span> <span class='ocrx_word' id='word_1_77' title='bbox 467 1492 564 1562; x_wconf 91' lang='lat' dir='ltr'><em>bello</em></span> <span class='ocrx_word' id='word_1_78' title='bbox 583 1489 792 1587; x_wconf 69' lang='lat' dir='ltr'><em>fratrisque,</em></span> <span class='ocrx_word' id='word_1_79' title='bbox 808 1493 838 1561; x_wconf 91' lang='lat' dir='ltr'><em>si</em></span> <span class='ocrx_word' id='word_1_80' title='bbox 855 1517 928 1588; x_wconf 90' lang='lat' dir='ltr'><em>qua</em></span> <span class='ocrx_word' id='word_1_81' title='bbox 945 1508 1064 1574; x_wconf 87' lang='lat' dir='ltr'><em>erant,</em></span> <span class='ocrx_word' id='word_1_82' title='bbox 1084 1509 1119 1563; x_wconf 89' lang='lat' dir='ltr'><em>et</em></span> <span class='ocrx_word' id='word_1_83' title='bbox 1138 1493 1325 1566; x_wconf 88' lang='lat' dir='ltr'><em>Gallorum</em></span> 
     </span>
     <span class='ocr_line' id='line_1_12' title="bbox 263 1600 1324 1699; baseline 0.002 -27"><span class='ocrx_word' id='word_1_84' title='bbox 263 1600 521 1688; x_wconf 85' lang='lat' dir='ltr'><em>defectionem,</em></span> <span class='ocrx_word' id='word_1_85' title='bbox 544 1627 624 1698; x_wconf 83' lang='lat' dir='ltr'><em>quae</em></span> <span class='ocrx_word' id='word_1_86' title='bbox 642 1625 759 1699; x_wconf 86' lang='lat' dir='ltr'><em>nuper</em></span> <span class='ocrx_word' id='word_1_87' title='bbox 777 1603 915 1698; x_wconf 81' lang='lat' dir='ltr'><em>ingenti</em></span> <span class='ocrx_word' id='word_1_88' title='bbox 931 1605 1034 1672; x_wconf 87' lang='lat' dir='ltr'><em>motu</em></span> <span class='ocrx_word' id='word_1_89' title='bbox 1050 1601 1141 1673; x_wconf 81' lang='lat' dir='ltr'><em>faeta</em></span> <span class='ocrx_word' id='word_1_90' title='bbox 1155 1619 1247 1690; x_wconf 85' lang='lat' dir='ltr'><em>erat,</em></span> <span class='ocrx_word' id='word_1_91' title='bbox 1266 1630 1324 1674; x_wconf 83' lang='lat' dir='ltr'><em>ex-</em></span> 
     </span>
     <span class='ocr_line' id='line_1_13' title="bbox 263 1711 1322 1808; baseline 0.001 -26"><span class='ocrx_word' id='word_1_92' title='bbox 263 1713 393 1808; x_wconf 89' lang='lat' dir='ltr'><em>posuit.</em></span> <span class='ocrx_word' id='word_1_93' title='bbox 412 1713 531 1798; x_wconf 88' lang='lat' dir='ltr'><em>Petiit,</em></span> <span class='ocrx_word' id='word_1_94' title='bbox 550 1726 590 1782; x_wconf 92' lang='lat' dir='ltr'><em>ut</em></span> <span class='ocrx_word' id='word_1_95' title='bbox 608 1711 743 1808; x_wconf 89' lang='lat' dir='ltr'><em>legatos</em></span> <span class='ocrx_word' id='word_1_96' title='bbox 758 1711 917 1781; x_wconf 88' lang='lat' dir='ltr'><em>mitteret</em></span> <span class='ocrx_word' id='word_1_97' title='bbox 934 1711 978 1781; x_wconf 89' lang='lat' dir='ltr'><em>ad</em></span> <span class='ocrx_word' id='word_1_98' title='bbox 998 1721 1076 1799; x_wconf 88' lang='lat' dir='ltr'><em>e&#39;os,</em></span> <span class='ocrx_word' id='word_1_99' title='bbox 1092 1737 1251 1808; x_wconf 89' lang='lat' dir='ltr'><em>quorum</em></span> <span class='ocrx_word' id='word_1_100' title='bbox 1263 1739 1322 1783; x_wconf 76' lang='lat' dir='ltr'><em>ars-</em></span> 
     </span>
     <span class='ocr_line' id='line_1_14' title="bbox 263 1819 1322 1918; baseline 0.002 -28"><span class='ocrx_word' id='word_1_101' title='bbox 263 1822 427 1890; x_wconf 87' lang='lat' dir='ltr'><em>ctoritate</em></span> <span class='ocrx_word' id='word_1_102' title='bbox 444 1819 489 1889; x_wconf 88' lang='lat' dir='ltr'><em>ab</em></span> <span class='ocrx_word' id='word_1_103' title='bbox 507 1821 613 1891; x_wconf 90' lang='lat' dir='ltr'><em>armis</em></span> <span class='ocrx_word' id='word_1_104' title='bbox 630 1834 875 1890; x_wconf 86' lang='lat' dir='ltr'><em>avocarentur.</em></span> <span class='ocrx_word' id='word_1_105' title='bbox 893 1821 956 1890; x_wconf 89' lang='lat' dir='ltr'><em>His</em></span> <span class='ocrx_word' id='word_1_106' title='bbox 973 1845 1041 1917; x_wconf 92' lang='lat' dir='ltr'><em>pro</em></span> <span class='ocrx_word' id='word_1_107' title='bbox 1055 1823 1156 1918; x_wconf 90' lang='lat' dir='ltr'><em>regni</em></span> <span class='ocrx_word' id='word_1_108' title='bbox 1170 1821 1322 1892; x_wconf 89' lang='lat' dir='ltr'><em>utilitate</em></span> 
     </span>
     <span class='ocr_line' id='line_1_15' title="bbox 263 1927 1322 2026; baseline -0.001 -27"><span class='ocrx_word' id='word_1_109' title='bbox 263 1929 366 1999; x_wconf 83' lang='lat' dir='ltr'><em>editis</em></span> <span class='ocrx_word' id='word_1_110' title='bbox 388 1929 584 2016; x_wconf 88' lang='lat' dir='ltr'><em>mandatis,</em></span> <span class='ocrx_word' id='word_1_111' title='bbox 606 1933 735 1999; x_wconf 86' lang='lat' dir='ltr'><em>AEnum</em></span> <span class='ocrx_word' id='word_1_112' title='bbox 758 1927 881 1998; x_wconf 91' lang='lat' dir='ltr'><em>sibiet</em></span> <span class='ocrx_word' id='word_1_113' title='bbox 905 1933 1111 1998; x_wconf 84' lang='lat' dir='ltr'><em>Maroneam</em></span> <span class='ocrx_word' id='word_1_114' title='bbox 1136 1931 1248 2026; x_wconf 89' lang='lat' dir='ltr'><em>petiit.</em></span> <span class='ocrx_word' id='word_1_115' title='bbox 1271 1934 1322 1998; x_wconf 86' lang='lat' dir='ltr'><em>Ita</em></span> 
     </span>
     <span class='ocr_line' id='line_1_16' title="bbox 263 2037 1320 2135; baseline 0.003 -28"><span class='ocrx_word' id='word_1_116' title='bbox 263 2038 431 2108; x_wconf 88' lang='lat' dir='ltr'><em>destituta</em></span> <span class='ocrx_word' id='word_1_117' title='bbox 454 2063 581 2108; x_wconf 89' lang='lat' dir='ltr'><em>eorum</em></span> <span class='ocrx_word' id='word_1_118' title='bbox 605 2062 688 2134; x_wconf 91' lang='lat' dir='ltr'><em>spe,</em></span> <span class='ocrx_word' id='word_1_119' title='bbox 710 2039 793 2133; x_wconf 90' lang='lat' dir='ltr'><em>qui,</em></span> <span class='ocrx_word' id='word_1_120' title='bbox 818 2037 928 2109; x_wconf 87' lang='lat' dir='ltr'><em>lratre</em></span> <span class='ocrx_word' id='word_1_121' title='bbox 954 2053 1139 2123; x_wconf 85' lang='lat' dir='ltr'><em>accusate,</em></span> <span class='ocrx_word' id='word_1_122' title='bbox 1160 2040 1320 2135; x_wconf 84' lang='lat' dir='ltr'><em>partitio-</em></span> 
     </span>
     <span class='ocr_line' id='line_1_17' title="bbox 263 2147 1318 2246; baseline -0.002 -29"><span class='ocrx_word' id='word_1_123' title='bbox 263 2173 347 2218; x_wconf 88' lang='lat' dir='ltr'><em>nem</em></span> <span class='ocrx_word' id='word_1_124' title='bbox 369 2151 468 2244; x_wconf 88' lang='lat' dir='ltr'><em>regni</em></span> <span class='ocrx_word' id='word_1_125' title='bbox 489 2150 685 2246; x_wconf 89' lang='lat' dir='ltr'><em>petiturum</em></span> <span class='ocrx_word' id='word_1_126' title='bbox 710 2147 952 2234; x_wconf 84' lang='lat' dir='ltr'><em>crediderant,</em></span> <span class='ocrx_word' id='word_1_127' title='bbox 979 2149 1139 2218; x_wconf 85' lang='lat' dir='ltr'><em>curiam²</em></span> <span class='ocrx_word' id='word_1_128' title='bbox 1161 2149 1318 2218; x_wconf 82' lang='lat' dir='ltr'><em>excessit.</em></span> 
     </span>
    </p>

    <p class='ocr_par' dir='ltr' id='par_1_7' title="bbox 262 2256 1321 2354">
     <span class='ocr_line' id='line_1_18' title="bbox 262 2256 1321 2354; baseline 0 -28"><span class='ocrx_word' id='word_1_129' title='bbox 262 2261 312 2326; x_wconf 90' lang='lat' dir='ltr'><em>Ut</em></span> <span class='ocrx_word' id='word_1_130' title='bbox 334 2281 416 2326; x_wconf 88' lang='lat' dir='ltr'><em>raro</em></span> <span class='ocrx_word' id='word_1_131' title='bbox 440 2257 524 2326; x_wconf 85' lang='lat' dir='ltr'><em>alias</em></span> <span class='ocrx_word' id='word_1_132' title='bbox 547 2258 758 2352; x_wconf 88' lang='lat' dir='ltr'><em>quisquam,</em></span> <span class='ocrx_word' id='word_1_133' title='bbox 779 2282 842 2327; x_wconf 86' lang='lat' dir='ltr'><em>rex</em></span> <span class='ocrx_word' id='word_1_134' title='bbox 866 2272 927 2327; x_wconf 89' lang='lat' dir='ltr'><em>aut</em></span> <span class='ocrx_word' id='word_1_135' title='bbox 946 2258 1125 2354; x_wconf 76' lang='lat' dir='ltr'><em>privatuS,</em></span> <span class='ocrx_word' id='word_1_136' title='bbox 1149 2271 1249 2327; x_wconf 88' lang='lat' dir='ltr'><em>tanto</em></span> <span class='ocrx_word' id='word_1_137' title='bbox 1269 2256 1321 2326; x_wconf 83' lang='lat' dir='ltr'><em>fa-</em></span> 
     </span>
    </p>
   </div>
   <div class='ocr_carea' id='block_1_2' title="bbox 235 2365 1321 3009">
    <p class='ocr_par' dir='ltr' id='par_1_8' title="bbox 235 2365 1321 3009">
     <span class='ocr_line' id='line_1_19' title="bbox 262 2365 1321 2462; baseline 0.001 -26"><span class='ocrx_word' id='word_1_138' title='bbox 262 2392 350 2437; x_wconf 88' lang='lat' dir='ltr'><em>vore</em></span> <span class='ocrx_word' id='word_1_139' title='bbox 368 2381 542 2462; x_wconf 86' lang='lat' dir='ltr'><em>tantoque</em></span> <span class='ocrx_word' id='word_1_140' title='bbox 557 2367 721 2435; x_wconf 86' lang='lat' dir='ltr'><em>omnium</em></span> <span class='ocrx_word' id='word_1_141' title='bbox 735 2391 881 2437; x_wconf 89' lang='lat' dir='ltr'><em>assensu</em></span> <span class='ocrx_word' id='word_1_142' title='bbox 903 2381 957 2437; x_wconf 91' lang='lat' dir='ltr'><em>est</em></span> <span class='ocrx_word' id='word_1_143' title='bbox 971 2366 1133 2454; x_wconf 87' lang='lat' dir='ltr'><em>auditus;</em></span> <span class='ocrx_word' id='word_1_144' title='bbox 1153 2365 1321 2437; x_wconf 88' lang='lat' dir='ltr'><em>omnibus</em></span> 
     </span>
     <span class='ocr_line' id='line_1_20' title="bbox 261 2474 1321 2575; baseline 0.001 -29"><span class='ocrx_word' id='word_1_145' title='bbox 261 2474 461 2546; x_wconf 87' lang='lat' dir='ltr'><em>honoribus</em></span> <span class='ocrx_word' id='word_1_146' title='bbox 486 2475 771 2571; x_wconf 89' lang='lat' dir='ltr'><em>muneribusque</em></span> <span class='ocrx_word' id='word_1_147' title='bbox 798 2491 834 2547; x_wconf 93' lang='lat' dir='ltr'><em>et</em></span> <span class='ocrx_word' id='word_1_148' title='bbox 862 2501 1015 2575; x_wconf 87' lang='lat' dir='ltr'><em>praesens</em></span> <span class='ocrx_word' id='word_1_149' title='bbox 1044 2492 1097 2548; x_wconf 89' lang='lat' dir='ltr'><em>est</em></span> <span class='ocrx_word' id='word_1_150' title='bbox 1123 2477 1260 2564; x_wconf 89' lang='lat' dir='ltr'><em>cultus,</em></span> <span class='ocrx_word' id='word_1_151' title='bbox 1286 2493 1321 2548; x_wconf 87' lang='lat' dir='ltr'><em>et</em></span> 
     </span>
     <span class='ocr_line' id='line_1_21' title="bbox 262 2585 1319 2683; baseline 0 -28"><span class='ocrx_word' id='word_1_152' title='bbox 262 2585 549 2683; x_wconf 85' lang='lat' dir='ltr'><em>proficiscentem</em></span> <span class='ocrx_word' id='word_1_153' title='bbox 581 2586 795 2682; x_wconf 89' lang='lat' dir='ltr'><em>prosequuti</em></span> <span class='ocrx_word' id='word_1_154' title='bbox 828 2602 921 2658; x_wconf 86' lang='lat' dir='ltr'><em>sunt.</em></span> <span class='ocrx_word' id='word_1_155' title='bbox 951 2592 1050 2656; x_wconf 89' lang='lat' dir='ltr'><em>Inter</em></span> <span class='ocrx_word' id='word_1_156' title='bbox 1078 2586 1207 2656; x_wconf 87' lang='lat' dir='ltr'><em>multas</em></span> <span class='ocrx_word' id='word_1_157' title='bbox 1234 2589 1319 2658; x_wconf 85' lang='lat' dir='ltr'><em>Asiae</em></span> 
     </span>
     <span class='ocr_line' id='line_1_22' title="bbox 252 2693 1319 2792; baseline 0.002 -28"><span class='ocrx_word' id='word_1_158' title='bbox 252 2697 478 2791; x_wconf 60' lang='lat' dir='ltr'><em>&#39;Graeciaeque</em></span> <span class='ocrx_word' id='word_1_159' title='bbox 499 2695 691 2791; x_wconf 87' lang='lat' dir='ltr'><em>legationes</em></span> <span class='ocrx_word' id='word_1_160' title='bbox 710 2694 933 2766; x_wconf 88' lang='lat' dir='ltr'><em>Rhodiorum</em></span> <span class='ocrx_word' id='word_1_161' title='bbox 954 2697 1107 2766; x_wconf 83' lang='lat' dir='ltr'><em>maxime</em></span> <span class='ocrx_word' id='word_1_162' title='bbox 1126 2693 1253 2792; x_wconf 78' lang='lat' dir='ltr'><em>legati³</em></span> <span class='ocrx_word' id='word_1_163' title='bbox 1272 2699 1319 2766; x_wconf 92' lang='lat' dir='ltr'><em>ci-</em></span> 
     </span>
     <span class='ocr_line' id='line_1_23' title="bbox 235 2805 1319 2902; baseline -0.002 -28"><span class='ocrx_word' id='word_1_164' title='bbox 235 2821 237 2826; x_wconf 81' lang='grc'>’</span> <span class='ocrx_word' id='word_1_165' title='bbox 262 2808 406 2876; x_wconf 89' lang='lat' dir='ltr'><em>vitatem</em></span> <span class='ocrx_word' id='word_1_166' title='bbox 422 2817 689 2875; x_wconf 75' lang='lat' dir='ltr'><em>converterunt.</em></span> <span class='ocrx_word' id='word_1_167' title='bbox 709 2808 799 2876; x_wconf 87' lang='lat' dir='ltr'><em>Nam</em></span> <span class='ocrx_word' id='word_1_168' title='bbox 815 2829 928 2900; x_wconf 90' lang='lat' dir='ltr'><em>quum</em></span> <span class='ocrx_word' id='word_1_169' title='bbox 942 2806 1060 2902; x_wconf 84' lang='lat' dir='ltr'><em>p&#39;rimo</em></span> <span class='ocrx_word' id='word_1_170' title='bbox 1074 2805 1111 2872; x_wconf 92' lang='lat' dir='ltr'><em>in</em></span> <span class='ocrx_word' id='word_1_171' title='bbox 1125 2817 1223 2874; x_wconf 85' lang='lat' dir='ltr'><em>veste</em></span> <span class='ocrx_word' id='word_1_172' title='bbox 1240 2828 1319 2874; x_wconf 89' lang='lat' dir='ltr'><em>can-</em></span> 
     </span>
     <span class='ocr_line' id='line_1_24' title="bbox 262 2912 1318 3009; baseline -0.007 -20"><span class='ocrx_word' id='word_1_173' title='bbox 262 2917 345 2990; x_wconf 84' lang='lat' dir='ltr'><em>dida</em></span> <span class='ocrx_word' id='word_1_174' title='bbox 373 2917 439 2984; x_wconf 92' lang='lat' dir='ltr'><em>visi</em></span> <span class='ocrx_word' id='word_1_175' title='bbox 463 2929 604 3001; x_wconf 88' lang='lat' dir='ltr'><em>essent,</em></span> <span class='ocrx_word' id='word_1_176' title='bbox 633 2912 733 3009; x_wconf 91' lang='lat' dir='ltr'><em>quod</em></span> <span class='ocrx_word' id='word_1_177' title='bbox 759 2914 977 3008; x_wconf 84' lang='lat' dir='ltr'><em>gratulantes</em></span> <span class='ocrx_word' id='word_1_178' title='bbox 1004 2913 1178 2999; x_wconf 89' lang='lat' dir='ltr'><em>decebat,</em></span> <span class='ocrx_word' id='word_1_179' title='bbox 1207 2929 1264 2998; x_wconf 89' lang='lat' dir='ltr'><em>et,</em></span> <span class='ocrx_word' id='word_1_180' title='bbox 1291 2915 1318 2982; x_wconf 92' lang='lat' dir='ltr'><em>si</em></span> 
     </span>
    </p>
   </div>
   <div class='ocr_carea' id='block_1_3' title="bbox 259 3149 1318 4238">
    <p class='ocr_par' dir='ltr' id='par_1_9' title="bbox 260 3149 1318 3528">
     <span class='ocr_line' id='line_1_25' title="bbox 300 3149 1317 3214; baseline -0.004 -14"><span class='ocrx_word' id='word_1_181' title='bbox 300 3154 340 3201; x_wconf 85' lang='lat'><em>13.</em></span> <span class='ocrx_word' id='word_1_182' title='bbox 353 3152 400 3213; x_wconf 80' lang='lat' dir='ltr'><em>Qui</em></span> <span class='ocrx_word' id='word_1_183' title='bbox 411 3149 568 3214; x_wconf 60' lang='lat' dir='ltr'><em>vastaturae</em></span> <span class='ocrx_word' id='word_1_184' title='bbox 577 3149 644 3197; x_wconf 83' lang='lat' dir='ltr'><em>eade</em></span> <span class='ocrx_word' id='word_1_185' title='bbox 654 3159 766 3212; x_wconf 85' lang='lat' dir='ltr'><em>raptum,</em></span> <span class='ocrx_word' id='word_1_186' title='bbox 812 3151 926 3213; x_wconf 80' lang='lat' dir='ltr'><em>praesenti</em></span> <span class='ocrx_word' id='word_1_187' title='bbox 943 3150 1025 3199; x_wconf 81' lang='lat' dir='ltr'><em>Attalo</em></span> <span class='ocrx_word' id='word_1_188' title='bbox 1044 3151 1173 3213; x_wconf 79' lang='lat' dir='ltr'><em>promissae</em></span> <span class='ocrx_word' id='word_1_189' title='bbox 1190 3165 1203 3195; x_wconf 82' lang='lat' dir='ltr'><em>a</em></span> <span class='ocrx_word' id='word_1_190' title='bbox 1221 3160 1317 3205; x_wconf 79' lang='lat' dir='ltr'><em>senatu,</em></span> 
     </span>
     <span class='ocr_line' id='line_1_26' title="bbox 261 3225 1318 3293; baseline -0.006 -14"><span class='ocrx_word' id='word_1_191' title='bbox 261 3243 307 3279; x_wconf 88' lang='lat' dir='ltr'><em>etc.</em></span> <span class='ocrx_word' id='word_1_192' title='bbox 323 3246 369 3293; x_wconf 92' lang='lat' dir='ltr'><em>pro</em></span> <span class='ocrx_word' id='word_1_193' title='bbox 382 3229 520 3292; x_wconf 80' lang='lat' dir='ltr'><em>vulgatum:</em></span> <span class='ocrx_word' id='word_1_194' title='bbox 533 3229 574 3292; x_wconf 90' lang='lat' dir='ltr'><em>qui</em></span> <span class='ocrx_word' id='word_1_195' title='bbox 587 3228 669 3275; x_wconf 82' lang='lat' dir='ltr'><em>occiso</em></span> <span class='ocrx_word' id='word_1_196' title='bbox 681 3227 768 3284; x_wconf 77' lang='lat' dir='ltr'><em>tratre,</em></span> <span class='ocrx_word' id='word_1_197' title='bbox 812 3229 854 3275; x_wconf 79' lang='lat' dir='ltr'><em>sed</em></span> <span class='ocrx_word' id='word_1_198' title='bbox 868 3229 951 3292; x_wconf 82' lang='lat' dir='ltr'><em>paullo</em></span> <span class='ocrx_word' id='word_1_199' title='bbox 969 3241 1025 3292; x_wconf 84' lang='lat' dir='ltr'><em>poet</em></span> <span class='ocrx_word' id='word_1_200' title='bbox 1039 3228 1171 3275; x_wconf 79' lang='lat' dir='ltr'><em>discessum</em></span> <span class='ocrx_word' id='word_1_201' title='bbox 1190 3228 1240 3288; x_wconf 84' lang='lat' dir='ltr'><em>ejus</em></span> <span class='ocrx_word' id='word_1_202' title='bbox 1260 3225 1318 3274; x_wconf 87' lang='lat' dir='ltr'><em>libe·</em></span> 
     </span>
     <span class='ocr_line' id='line_1_27' title="bbox 261 3303 1202 3372; baseline -0.002 -16"><span class='ocrx_word' id='word_1_203' title='bbox 261 3308 369 3372; x_wconf 85' lang='lat' dir='ltr'><em>legitimo</em></span> <span class='ocrx_word' id='word_1_204' title='bbox 381 3307 449 3369; x_wconf 80' lang='lat' dir='ltr'><em>regni</em></span> <span class='ocrx_word' id='word_1_205' title='bbox 459 3306 547 3355; x_wconf 85' lang='lat' dir='ltr'><em>herede</em></span> <span class='ocrx_word' id='word_1_206' title='bbox 555 3342 563 3367; x_wconf 90' lang='lat'><em>,</em></span> <span class='ocrx_word' id='word_1_207' title='bbox 571 3307 597 3352; x_wconf 91' lang='lat' dir='ltr'><em>in</em></span> <span class='ocrx_word' id='word_1_208' title='bbox 606 3304 698 3368; x_wconf 87' lang='lat' dir='ltr'><em>templo</em></span> <span class='ocrx_word' id='word_1_209' title='bbox 709 3303 767 3352; x_wconf 85' lang='lat' dir='ltr'><em>nlti-</em></span> <span class='ocrx_word' id='word_1_210' title='bbox 811 3324 850 3356; x_wconf 81' lang='lat' dir='ltr'><em>rae</em></span> <span class='ocrx_word' id='word_1_211' title='bbox 859 3308 1111 3371; x_wconf 83' lang='lat' dir='ltr'><em>luisseprouuntiatas</em></span> <span class='ocrx_word' id='word_1_212' title='bbox 1121 3305 1202 3354; x_wconf 80' lang='lat' dir='ltr'><em>tradit.</em></span> 
     </span>
     <span class='ocr_line' id='line_1_28' title="bbox 261 3381 1318 3449; baseline -0.005 -14"><span class='ocrx_word' id='word_1_213' title='bbox 261 3404 302 3435; x_wconf 89' lang='lat' dir='ltr'><em>mo</em></span> <span class='ocrx_word' id='word_1_214' title='bbox 324 3387 430 3449; x_wconf 82' lang='lat' dir='ltr'><em>refugio,</em></span> <span class='ocrx_word' id='word_1_215' title='bbox 449 3387 565 3432; x_wconf 77' lang='lat' dir='ltr'><em>Romania</em></span> <span class='ocrx_word' id='word_1_216' title='bbox 587 3400 612 3430; x_wconf 82' lang='lat' dir='ltr'><em>ee</em></span> <span class='ocrx_word' id='word_1_217' title='bbox 633 3381 766 3430; x_wconf 81' lang='lat' dir='ltr'><em>tradiderit.</em></span> <span class='ocrx_word' id='word_1_218' title='bbox 846 3403 870 3434; x_wconf 81' lang='lat' dir='ltr'><em>a.</em></span> <span class='ocrx_word' id='word_1_219' title='bbox 889 3386 989 3432; x_wconf 87' lang='lat' dir='ltr'><em>Curiam</em></span> <span class='ocrx_word' id='word_1_220' title='bbox 1007 3386 1122 3441; x_wconf 73' lang='lat' dir='ltr'><em>coacessit,¹</em></span> <span class='ocrx_word' id='word_1_221' title='bbox 1142 3384 1267 3433; x_wconf 84' lang='lat' dir='ltr'><em>ediderant</em></span> <span class='ocrx_word' id='word_1_222' title='bbox 1284 3399 1318 3430; x_wconf 90' lang='lat' dir='ltr'><em>re·</em></span> 
     </span>
     <span class='ocr_line' id='line_1_29' title="bbox 260 3461 1318 3528; baseline -0.006 -14"><span class='ocrx_word' id='word_1_223' title='bbox 260 3466 333 3516; x_wconf 85' lang='lat' dir='ltr'><em>Conf.</em></span> <span class='ocrx_word' id='word_1_224' title='bbox 343 3481 396 3528; x_wconf 82' lang='lat' dir='ltr'><em>cap.</em></span> <span class='ocrx_word' id='word_1_225' title='bbox 408 3467 432 3512; x_wconf 90' lang='lat'><em>6.</em></span> <span class='ocrx_word' id='word_1_226' title='bbox 811 3466 930 3512; x_wconf 85' lang='lat' dir='ltr'><em>eentIoree</em></span> <span class='ocrx_word' id='word_1_227' title='bbox 939 3463 1009 3510; x_wconf 84' lang='lat' dir='ltr'><em>curia</em></span> <span class='ocrx_word' id='word_1_228' title='bbox 1022 3463 1138 3521; x_wconf 74' lang='lat' dir='ltr'><em>excessit,</em></span> <span class='ocrx_word' id='word_1_229' title='bbox 1155 3461 1224 3526; x_wconf 89' lang='lat' dir='ltr'><em>quod</em></span> <span class='ocrx_word' id='word_1_230' title='bbox 1237 3461 1318 3526; x_wconf 73' lang='lat' dir='ltr'><em>primae</em></span> 
     </span>
    </p>

    <p class='ocr_par' dir='ltr' id='par_1_10' title="bbox 259 3538 1318 4238">
     <span class='ocr_line' id='line_1_30' title="bbox 295 3538 1318 3595; baseline -0.007 -2"><span class='ocrx_word' id='word_1_231' title='bbox 295 3547 356 3593; x_wconf 70' lang='lat' dir='ltr'><em>Cir.</em></span> <span class='ocrx_word' id='word_1_232' title='bbox 365 3545 423 3590; x_wconf 88' lang='lat' dir='ltr'><em>XX.</em></span> <span class='ocrx_word' id='word_1_233' title='bbox 439 3557 460 3588; x_wconf 87' lang='lat'><em>1.</em></span> <span class='ocrx_word' id='word_1_234' title='bbox 472 3541 616 3588; x_wconf 82' lang='lat' dir='ltr'><em>Gratulatus</em></span> <span class='ocrx_word' id='word_1_235' title='bbox 625 3538 765 3595; x_wconf 78' lang='lat' dir='ltr'><em>uictoriam,</em></span> <span class='ocrx_word' id='word_1_236' title='bbox 811 3543 926 3591; x_wconf 82' lang='lat' dir='ltr'><em>editionis</em></span> <span class='ocrx_word' id='word_1_237' title='bbox 941 3543 1043 3590; x_wconf 74' lang='lat' dir='ltr'><em>lectIoni</em></span> <span class='ocrx_word' id='word_1_238' title='bbox 1060 3541 1209 3589; x_wconf 81' lang='lat' dir='ltr'><em>contrarium</em></span> <span class='ocrx_word' id='word_1_239' title='bbox 1220 3551 1318 3588; x_wconf 79' lang='lat' dir='ltr'><em>testatur</em></span> 
     </span>
     <span class='ocr_line' id='line_1_31' title="bbox 259 3619 1318 3687; baseline -0.009 -15"><span class='ocrx_word' id='word_1_240' title='bbox 259 3626 321 3672; x_wconf 86' lang='lat' dir='ltr'><em>forte</em></span> <span class='ocrx_word' id='word_1_241' title='bbox 330 3622 516 3687; x_wconf 79' lang='lat' dir='ltr'><em>gratulatusque</em></span> <span class='ocrx_word' id='word_1_242' title='bbox 531 3619 570 3666; x_wconf 87' lang='lat' dir='ltr'><em>vel</em></span> <span class='ocrx_word' id='word_1_243' title='bbox 584 3619 722 3682; x_wconf 79' lang='lat' dir='ltr'><em>gratulatus</em></span> <span class='ocrx_word' id='word_1_244' title='bbox 740 3635 766 3664; x_wconf 84' lang='grc' dir='ltr'><em>ν.</em></span> <span class='ocrx_word' id='word_1_245' title='bbox 811 3622 885 3668; x_wconf 79' lang='lat' dir='ltr'><em>Drak.</em></span> <span class='ocrx_word' id='word_1_246' title='bbox 899 3621 955 3669; x_wconf 69' lang='lat' dir='ltr'><em>virle</em></span> <span class='ocrx_word' id='word_1_247' title='bbox 967 3621 998 3668; x_wconf 82' lang='lat' dir='ltr'><em>ad</em></span> <span class='ocrx_word' id='word_1_248' title='bbox 1011 3623 1049 3678; x_wconf 81' lang='lat' dir='ltr'><em>II,</em></span> <span class='ocrx_word' id='word_1_249' title='bbox 1063 3622 1110 3680; x_wconf 78' lang='lat'><em>37,</em></span> <span class='ocrx_word' id='word_1_250' title='bbox 1130 3636 1156 3666; x_wconf 87' lang='lat' dir='ltr'><em>n.</em></span> <span class='ocrx_word' id='word_1_251' title='bbox 1171 3620 1194 3666; x_wconf 81' lang='lat'><em>5.</em></span> <span class='ocrx_word' id='word_1_252' title='bbox 1213 3621 1318 3681; x_wconf 80' lang='lat' dir='ltr'><em>Sequens</em></span> 
     </span>
     <span class='ocr_line' id='line_1_32' title="bbox 259 3696 1316 3762; baseline -0.007 -11"><span class='ocrx_word' id='word_1_253' title='bbox 259 3716 310 3759; x_wconf 85' lang='lat' dir='ltr'><em>est,·</em></span> <span class='ocrx_word' id='word_1_254' title='bbox 323 3700 398 3748; x_wconf 81' lang='lat' dir='ltr'><em>Drak.</em></span> <span class='ocrx_word' id='word_1_255' title='bbox 407 3727 442 3736; x_wconf 87' lang='lat'><em>--</em></span> <span class='ocrx_word' id='word_1_256' title='bbox 453 3699 580 3745; x_wconf 84' lang='lat' dir='ltr'><em>Gallorum</em></span> <span class='ocrx_word' id='word_1_257' title='bbox 594 3696 749 3762; x_wconf 58' lang='lat' dir='ltr'><em>defectionem</em></span> <span class='ocrx_word' id='word_1_258' title='bbox 756 3731 764 3754; x_wconf 91' lang='lat'><em>,</em></span> <span class='ocrx_word' id='word_1_259' title='bbox 811 3712 840 3747; x_wconf 87' lang='lat' dir='ltr'><em>ut</em></span> <span class='ocrx_word' id='word_1_260' title='bbox 852 3700 995 3759; x_wconf 65' lang='lat' dir='ltr'><em>delendum</em></span> <span class='ocrx_word' id='word_1_261' title='bbox 1010 3700 1163 3755; x_wconf 82' lang='lat' dir='ltr'><em>Gronovius,</em></span> <span class='ocrx_word' id='word_1_262' title='bbox 1180 3697 1316 3753; x_wconf 63' lang='lat' dir='ltr'><em>Graves-ius,</em></span> 
     </span>
     <span class='ocr_line' id='line_1_33' title="bbox 260 3774 1317 3843; baseline -0.008 -13"><span class='ocrx_word' id='word_1_263' title='bbox 260 3782 482 3843; x_wconf 79' lang='lat' dir='ltr'><em>Gallograecorum,</em></span> <span class='ocrx_word' id='word_1_264' title='bbox 495 3793 599 3841; x_wconf 85' lang='lat' dir='ltr'><em>quorum</em></span> <span class='ocrx_word' id='word_1_265' title='bbox 618 3792 674 3840; x_wconf 81' lang='lat' dir='ltr'><em>pera</em></span> <span class='ocrx_word' id='word_1_266' title='bbox 691 3777 767 3840; x_wconf 88' lang='lat' dir='ltr'><em>impe·</em></span> <span class='ocrx_word' id='word_1_267' title='bbox 811 3791 834 3826; x_wconf 90' lang='lat' dir='ltr'><em>et</em></span> <span class='ocrx_word' id='word_1_268' title='bbox 851 3779 1026 3841; x_wconf 77' lang='lat' dir='ltr'><em>Drakeanui</em></span> <span class='ocrx_word' id='word_1_269' title='bbox 1039 3777 1111 3826; x_wconf 84' lang='lat' dir='ltr'><em>etiem</em></span> <span class='ocrx_word' id='word_1_270' title='bbox 1124 3774 1243 3832; x_wconf 78' lang='lat' dir='ltr'><em>malebat,</em></span> <span class='ocrx_word' id='word_1_271' title='bbox 1255 3776 1317 3822; x_wconf 82' lang='lat' dir='ltr'><em>liare</em></span> 
     </span>
     <span class='ocr_line' id='line_1_34' title="bbox 260 3854 1039 3921; baseline -0.005 -14"><span class='ocrx_word' id='word_1_272' title='bbox 260 3861 298 3908; x_wconf 88' lang='lat' dir='ltr'><em>rio</em></span> <span class='ocrx_word' id='word_1_273' title='bbox 312 3858 425 3906; x_wconf 82' lang='lat' dir='ltr'><em>Eumenis</em></span> <span class='ocrx_word' id='word_1_274' title='bbox 435 3857 552 3920; x_wconf 80' lang='lat' dir='ltr'><em>parebunt</em></span> <span class='ocrx_word' id='word_1_275' title='bbox 562 3855 628 3915; x_wconf 88' lang='lat' dir='ltr'><em>;vid.</em></span> <span class='ocrx_word' id='word_1_276' title='bbox 641 3854 728 3918; x_wconf 78' lang='lat' dir='ltr'><em>Polyb.</em></span> <span class='ocrx_word' id='word_1_277' title='bbox 736 3856 767 3911; x_wconf 82' lang='lat' dir='ltr'><em>V,</em></span> <span class='ocrx_word' id='word_1_278' title='bbox 811 3858 875 3909; x_wconf 85' lang='lat' dir='ltr'><em>alius</em></span> <span class='ocrx_word' id='word_1_279' title='bbox 886 3857 1023 3921; x_wconf 84' lang='lat' dir='ltr'><em>quisquam.</em></span> <span class='ocrx_word' id='word_1_280' title='bbox 1037 3879 1039 3886; x_wconf 42' lang='lat' dir='ltr'><strong><em>s</em></strong></span> 
     </span>
     <span class='ocr_line' id='line_1_35' title="bbox 262 3931 1317 4000; baseline -0.004 -16"><span class='ocrx_word' id='word_1_281' title='bbox 262 3955 304 4000; x_wconf 80' lang='lat'><em>77,</em></span> <span class='ocrx_word' id='word_1_282' title='bbox 328 3940 375 3998; x_wconf 75' lang='lat'><em>783</em></span> <span class='ocrx_word' id='word_1_283' title='bbox 396 3937 480 3993; x_wconf 87' lang='lat' dir='ltr'><em>XXV,</em></span> <span class='ocrx_word' id='word_1_284' title='bbox 506 3943 536 3991; x_wconf 76' lang='lat'><em>4,</em></span> <span class='ocrx_word' id='word_1_285' title='bbox 561 3937 592 3992; x_wconf 90' lang='lat'><em>5;</em></span> <span class='ocrx_word' id='word_1_286' title='bbox 611 3935 714 3990; x_wconf 83' lang='lat' dir='ltr'><em>XXVI,</em></span> <span class='ocrx_word' id='word_1_287' title='bbox 736 3933 767 3990; x_wconf 85' lang='lat'><em>6;</em></span> <span class='ocrx_word' id='word_1_288' title='bbox 848 3937 872 3982; x_wconf 85' lang='grc'><em>3.</em></span> <span class='ocrx_word' id='word_1_289' title='bbox 887 3933 1153 3982; x_wconf 77' lang='lat' dir='ltr'><em>Rhodiorummaaime</em></span> <span class='ocrx_word' id='word_1_290' title='bbox 1167 3931 1317 3996; x_wconf 80' lang='lat' dir='ltr'><em>legati,etc.</em></span> 
     </span>
     <span class='ocr_line' id='line_1_36' title="bbox 260 4008 1317 4077; baseline -0.008 -15"><span class='ocrx_word' id='word_1_291' title='bbox 260 4019 353 4070; x_wconf 77' lang='lat' dir='ltr'><em>XXX,</em></span> <span class='ocrx_word' id='word_1_292' title='bbox 370 4030 379 4059; x_wconf 91' lang='lat'>1</span> <span class='ocrx_word' id='word_1_293' title='bbox 392 4031 429 4075; x_wconf 85' lang='lat' dir='ltr'><em>sq.</em></span> <span class='ocrx_word' id='word_1_294' title='bbox 443 4016 547 4072; x_wconf 87' lang='lat' dir='ltr'><em>XXXI,</em></span> <span class='ocrx_word' id='word_1_295' title='bbox 559 4030 591 4071; x_wconf 83' lang='lat' dir='ltr'><em>a,</em></span> <span class='ocrx_word' id='word_1_296' title='bbox 605 4014 634 4070; x_wconf 72' lang='grc' dir='ltr'><em>ὃς</em></span> <span class='ocrx_word' id='word_1_297' title='bbox 649 4014 766 4067; x_wconf 84' lang='lat' dir='ltr'><em>XXXII,</em></span> <span class='ocrx_word' id='word_1_298' title='bbox 812 4015 879 4062; x_wconf 79' lang='lat' dir='ltr'><em>eous.</em></span> <span class='ocrx_word' id='word_1_299' title='bbox 894 4012 982 4077; x_wconf 80' lang='lat' dir='ltr'><em>Polyb.</em></span> <span class='ocrx_word' id='word_1_300' title='bbox 995 4014 1094 4071; x_wconf 84' lang='lat' dir='ltr'><em>XXII„</em></span> <span class='ocrx_word' id='word_1_301' title='bbox 1103 4020 1134 4068; x_wconf 76' lang='lat'><em>43</em></span> <span class='ocrx_word' id='word_1_302' title='bbox 1146 4008 1249 4056; x_wconf 88' lang='lat' dir='ltr'><em>Diodor.</em></span> <span class='ocrx_word' id='word_1_303' title='bbox 1260 4021 1278 4056; x_wconf 87' lang='lat' dir='ltr'><em>t.</em></span> <span class='ocrx_word' id='word_1_304' title='bbox 1287 4011 1317 4070; x_wconf 89' lang='lat'><em>11,</em></span> 
     </span>
     <span class='ocr_line' id='line_1_37' title="bbox 261 4082 1315 4156; baseline -0.009 -14"><span class='ocrx_word' id='word_1_305' title='bbox 261 4097 284 4144; x_wconf 79' lang='lat'><em>5.</em></span> <span class='ocrx_word' id='word_1_306' title='bbox 298 4093 336 4142; x_wconf 75' lang='lat' dir='ltr'><em>Ad</em></span> <span class='ocrx_word' id='word_1_307' title='bbox 346 4092 398 4140; x_wconf 86' lang='lat' dir='ltr'><em>baec</em></span> <span class='ocrx_word' id='word_1_308' title='bbox 410 4101 434 4137; x_wconf 89' lang='lat' dir='ltr'><em>et</em></span> <span class='ocrx_word' id='word_1_309' title='bbox 447 4107 514 4153; x_wconf 81' lang='lat' dir='ltr'><em>seqq.</em></span> <span class='ocrx_word' id='word_1_310' title='bbox 528 4092 559 4138; x_wconf 87' lang='lat' dir='ltr'><em>el.</em></span> <span class='ocrx_word' id='word_1_311' title='bbox 573 4082 663 4153; x_wconf 76' lang='lat' dir='ltr'><em>Polyb.</em></span> <span class='ocrx_word' id='word_1_312' title='bbox 676 4091 767 4150; x_wconf 80' lang='lat' dir='ltr'><em>XXX,</em></span> <span class='ocrx_word' id='word_1_313' title='bbox 811 4109 866 4156; x_wconf 83' lang='lat' dir='ltr'><em>pag.</em></span> <span class='ocrx_word' id='word_1_314' title='bbox 885 4094 952 4150; x_wconf 58' lang='lat'><em>⁶²63</em></span> <span class='ocrx_word' id='word_1_315' title='bbox 974 4091 1036 4139; x_wconf 87' lang='lat' dir='ltr'><em>Gell.</em></span> <span class='ocrx_word' id='word_1_316' title='bbox 1051 4092 1116 4146; x_wconf 80' lang='lat' dir='ltr'><em>VII,</em></span> <span class='ocrx_word' id='word_1_317' title='bbox 1138 4089 1167 4145; x_wconf 79' lang='lat'><em>33</em></span> <span class='ocrx_word' id='word_1_318' title='bbox 1185 4087 1234 4134; x_wconf 90' lang='lat' dir='ltr'><em>Dio</em></span> <span class='ocrx_word' id='word_1_319' title='bbox 1251 4089 1315 4136; x_wconf 77' lang='lat' dir='ltr'><em>Caes</em></span> 
     </span>
     <span class='ocr_line' id='line_1_38' title="bbox 260 4163 1317 4238; baseline -0.007 -22"><span class='ocrx_word' id='word_1_320' title='bbox 260 4176 289 4235; x_wconf 78' lang='lat'><em>3,</em></span> <span class='ocrx_word' id='word_1_321' title='bbox 307 4172 350 4237; x_wconf 87' lang='lat' dir='ltr'><em>qui</em></span> <span class='ocrx_word' id='word_1_322' title='bbox 372 4169 444 4216; x_wconf 86' lang='lat' dir='ltr'><em>etiam</em></span> <span class='ocrx_word' id='word_1_323' title='bbox 460 4169 550 4214; x_wconf 82' lang='lat' dir='ltr'><em>AErutnt</em></span> <span class='ocrx_word' id='word_1_324' title='bbox 572 4178 596 4215; x_wconf 85' lang='lat' dir='ltr'><em>et</em></span> <span class='ocrx_word' id='word_1_325' title='bbox 621 4168 767 4215; x_wconf 84' lang='lat' dir='ltr'><em>Maroneam</em></span> <span class='ocrx_word' id='word_1_326' title='bbox 810 4167 1244 4238; x_wconf 67' lang='lat' dir='ltr'><em>p,66‚,n.158sq,ed.Reimar.-</em></span> <span class='ocrx_word' id='word_1_327' title='bbox 1258 4163 1317 4212; x_wconf 85' lang='lat' dir='ltr'><em>Civi-</em></span> 
     </span>
    </p>
   </div>
   <div class='ocr_carea' id='block_1_4' title="bbox 0 0 1490 4712">
    <p class='ocr_par' dir='ltr' id='par_1_11' title="bbox 0 0 1490 4712">
     <span class='ocr_line' id='line_1_39' title="bbox 0 0 1490 4712; baseline 0 2"><span class='ocrx_word' id='word_1_328' title='bbox 0 0 1490 4712; x_wconf 95' lang='lat' dir='ltr'><em> </em></span> 
     </span>
    </p>
   </div>
  </div>
 </body>
</html>
