2972 4720
235 357 282 438 to
658 356 696 419 r.
728 355 867 421 mvn
1146 332 1271 432 titt:

234 476 434 548 multorum
455 489 568 558 esset,
590 472 941 543 senatusconsultum
973 471 1106 542 factrrm
1135 486 1214 560 est,
1240 488 1298 558 ut,

233 585 298 680 qui
319 585 493 680 Ligurum
515 597 598 680 post
614 586 660 674 Q.
680 583 863 667 Fulvium,
882 587 921 652 L.
941 581 1114 654 Manlium
1133 580 1300 652 consules

233 695 356 766 hostes
375 719 450 764 non
471 691 638 780 fuissent,
660 709 701 764 ut
719 718 781 764 eos
799 698 840 766 C.
861 694 1040 777 Licinius,
1060 695 1126 762 Cn.
1145 693 1300 764 Sicinius

235 791 406 904 praetores
422 807 459 874 in
477 804 677 878 libertatem
697 803 937 875 restituendos
957 817 1141 888 curarent,
1159 827 1300 899 agrum-

236 940 309 1012 que
327 916 370 985 iis
388 931 485 987 nans
506 914 640 986 Padum
660 914 786 985 consul
807 917 845 986 C.
857 911 1163 1010 Popilliusdaret.
1186 911 1301 982 Multa

237 1023 348 1094 millia
371 1024 560 1095 hominum
584 1023 654 1094 hoc
677 1023 987 1094 senatusconsulto
1009 1025 1172 1094 restituta
1195 1023 1232 1092 in
1257 1021 1300 1092 li·

237 1130 430 1222 bertatem,
452 1131 739 1229 transductisque
757 1132 893 1204 Padum
912 1155 996 1230 ager
1016 1147 1070 1204 est
1092 1133 1299 1230 assignatus.

237 1245 287 1337 M.
313 1241 484 1340 Popillius
509 1243 696 1340 rogatione
719 1243 850 1314 Marcia
869 1241 925 1312 bis
946 1241 1044 1338 apud
1064 1245 1112 1312 C:
1124 1243 1302 1313 Licinium

239 1373 382 1422 causam
398 1351 502 1422 dixitt
519 1353 626 1422 tertio
642 1366 784 1448 praetor,
801 1353 912 1449 gratia
926 1351 1083 1422 consulis
1098 1349 1254 1422 absentis
1267 1367 1304 1422 et

239 1459 396 1557 Popillia
414 1459 733 1558 familiaeprecibus
746 1461 878 1546 victus,
890 1458 1013 1530 Idibus
1029 1447 1165 1532 Martiis
1181 1458 1304 1530 adesse

239 1594 343 1642 reum
358 1572 465 1666 jussit
475 1569 503 1659 ³,
525 1569 680 1666 quodie
702 1572 789 1640 novi
813 1569 1036 1665 magistratus
1057 1569 1182 1638 inituri
1203 1583 1306 1640 erant

239 1678 440 1768 ‚bonorem
462 1705 508 1752 ue
528 1678 664 1750 diceret
680 1679 757 1774 jus,
780 1680 844 1776 qui
863 1679 1023 1775 privatus
1041 1676 1185 1750 futurus
1203 1694 1304 1750 esset.

241 1794 296 1860 lta
310 1791 449 1885 rogatio
468 1788 512 1860 de
530 1787 719 1884 Liguribus
736 1805 811 1860 arte
827 1786 944 1858 fallaci
957 1787 1055 1858 elusa
1069 1803 1134 1858 est.

290 1902 419 1970 XXIII.
444 1901 567 1993 Legati
592 1895 894 1993 carthaginienses
923 1921 967 1966 eo
994 1911 1157 1995 tempore
1183 1902 1305 1970 Romae

243 2020 345 2076 erant
371 2021 407 2076 ct
434 2006 588 2076 Gulussa
613 2003 707 2076 filius
734 2007 936 2077 Masinissae.
966 2011 1062 2077 Inter
1087 2031 1148 2078 eos
1169 2031 1306 2103 magnae

245 2115 495 2187 contentiones
514 2116 552 2186 in
571 2131 695 2186 senatu
717 2113 826 2186 luere.
851 2115 1160 2213 Carthaginienses
1175 2140 1307 2213 quere·

243 2223 395 2314 bantur,
404 2241 540 2323 praeter
552 2250 699 2320 agrum,
715 2225 761 2294 de
774 2249 846 2321 quo
860 2240 944 2295 ante
959 2225 1070 2320 legati
1076 2235 1087 2267 ¹
1106 2225 1304 2308 ubilona,

245 2339 360 2433 quiin
375 2340 597 2433 repraesenti
612 2351 876 2430 cognoscerent,
895 2341 995 2406 missi
1004 2351 1134 2422 essent,
1150 2333 1307 2432 amplius

245 2452 474 2540 septuaginta
494 2445 633 2542 oppida
666 2445 883 2544 castellaque
906 2453 988 2542 agri
1012 2446 1308 2542 carthaginiensis

246 2553 391 2624 biennio
408 2561 584 2652 proximo
607 2560 839 2626 Masinissam
861 2561 903 2626 ni
924 2573 1034 2654 atque
1057 2562 1169 2626 annis
1177 2579 1307 2654 posse-

246 2664 341 2736 disse
349 2675 375 2735 ².
388 2666 437 2737 Id
452 2665 521 2752 illi,
541 2673 602 2736 cui
615 2665 822 2762 niliilpensi
838 2672 899 2754 sit,
907 2666 1024 2757 facile
1042 2691 1137 2738 esse:
1159 2665 1308 2737 Cartha-

243 2779 421 2869 ginienses
427 2775 573 2865 faedere
590 2774 743 2870 illigatos
756 2775 877 2860 silere,·
888 2777 1081 2873 prohiberi
1092 2782 1188 2846 enim
1204 2791 1309 2845 extra

236 2885 339 2978 fines
350 2884 475 2978 (efferre
489 2910 605 2954 arma.
625 2887 847 2984 Quanquam
859 2892 993 2972 sciant,
1011 2893 1048 2955 in
1065 2885 1306 2981 suisfinibas‚

193 3073 197 3087 ,
244 3000 280 3064 si
303 2994 386 3065 iude
411 2995 592 3067 Numidas
612 2994 805 3092 pellerent,
829 3021 868 3066 se
884 3013 1045 3096 gesturos
1066 2994 1225 3066 bellum:
1248 2993 1290 3063 ill

246 3257 248 3260 ,
283 3209 306 3256 3.
321 3207 405 3255 Idibus
420 3208 517 3255 Martiis
530 3209 614 3256 adesse
627 3225 694 3256 roam
704 3210 756 3274 jas·
800 3204 1312 3274 sit.--Cartltaginiensesfoedersillsgatos

248 3284 757 3343 sit,·videad111,14,n.6.-·Elusa
800 3288 870 3337 silere
876 3307 887 3346 ,·
912 3288 978 3347 coni.
997 3285 1079 3334 sedere
1097 3283 1189 3331 Frider.
1209 3283 1309 3335 Jacobs.

250 3373 304 3418 est;
318 3361 416 3410 vidend
428 3364 631 3424 xxxlx‚s,n.
645 3367 669 3414 5.
722 3388 724 3392 ·
802 3366 869 3429 apud
882 3365 961 3414 Goell.
979 3380 1035 3431 pag.
1057 3361 1310 3424 se9‚nuduts1.tv.

285 3441 348 3490 Car.
358 3441 454 3489 XXIII.
468 3457 490 3489 1.
505 3444 599 3490 Proeter
611 3460 713 3508 agrum,
727 3441 759 3490 de
802 3445 852 3502 111,
862 3445 909 3505 68,
918 3444 979 3501 VII,
990 3443 1003 3489 3
1013 3475 1020 3500 ,
1030 3443 1124 3501 XXII,
1138 3448 1186 3501 14,
1200 3443 1310 3502 XXXV,

250 3537 299 3584 qao
309 3531 367 3567 ante
376 3519 463 3584 legati,
477 3531 524 3568 etc.
535 3521 632 3570 vidend
645 3525 706 3580 XL,
718 3537 759 3583 17,
804 3525 848 3579 34,
863 3533 887 3569 et
896 3524 979 3569 Senec.
990 3521 1080 3570 Troad.
1090 3538 1114 3568 v.
1122 3537 1182 3568 211.
1192 3521 1312 3570 observat

250 3599 333 3663 ibique
352 3611 378 3646 n.
396 3614 417 3646 1.
431 3601 507 3645 -Ia
520 3615 547 3647 re
556 3600 759 3663 prasenti,·vide
803 3600 883 3659 enim,
896 3616 942 3647 nec
960 3600 1096 3660 immerito,
1122 3616 1164 3648 eos
1186 3601 1229 3664 qui
1246 3615 1311 3647 arma

250 3679 282 3726 sd
295 3679 417 3739 XXXIV,
427 3679 476 3739 62,
489 3694 515 3726 n.
530 3696 553 3740 7.
788 3689 870 3728 extra
888 3677 949 3728 lines
964 3679 1125 3742 prohibentur
1143 3680 1240 3739 efferre,
1259 3695 1311 3727 non

287 3775 312 3807 a.
325 3757 357 3804 Vi
365 3769 439 3821 atque
456 3757 531 3806 armu
536 3757 686 3822 panadium
703 3759 759 3806 vide
802 3771 930 3824 propterea
955 3759 987 3808 sd
1009 3760 1132 3810 silentium
1156 3759 1255 3808 adactos
1274 3759 1311 3805 vi-

252 3838 282 3884 etl
302 3838 401 3894 XXIV,
420 3836 468 3894 45,
487 3854 512 3884 n.
534 3836 560 3884 6.
581 3863 616 3872 -
638 3837 682 3884 Cui
699 3836 762 3888 nihil
804 3838 856 3886 deri
877 3855 958 3902 posse.
996 3841 1028 3888 Et
1056 3853 1149 3889 tantum
1175 3839 1253 3887 abfuit
1281 3849 1311 3886 ut

200 3921 203 3926 '
247 3914 320 3980 pensi
330 3915 375 3972 sit,
388 3926 416 3962 ut
424 3916 635 3978 XLHI,7;uil1il‚
648 3917 717 3977 cujus
725 3931 761 3964 ra·
803 3916 901 3965 silerent
923 3919 1146 3984 Carthaginienses,
1170 3930 1197 3967 ut
1226 3920 1311 3981 potius

249 4073 405 4150 pendendum
416 4072 460 4134 sit,
474 4084 499 4120 et
509 4090 558 4136 quo
567 4073 692 4138 prohiberi
702 4091 759 4140 pos-
802 4089 969 4146 quererentur.
981 4079 1026 4128 En.
