2972 4720
190 405 314 504 litat:
376 385 678 487 etsensim.
708 412 814 483 cnr.
842 409 1020 482 xxxix:
1105 471 1107 478 ,
1179 411 1251 507 67:

162 545 257 613 riora
281 541 382 638 regni
404 539 531 635 recipit
549 561 605 624 se,
633 536 702 606 levi
723 559 807 606 aura
826 539 921 632 spei¹
943 523 1104 630 objecta,
1126 536 1227 632 quod

162 653 315 722 Marcius
330 650 441 746 ipsius
457 671 562 718 eausa
577 648 774 744 suscepisse
789 667 826 714 se
840 643 1053 742 legationem
1070 645 1224 718 dixisset.

163 771 247 836 Post
262 762 338 832 dies
357 783 490 858 paucos
508 756 551 829 ad
566 758 802 828 constitutum
817 756 937 826 locum
951 773 1137 827 venerunt.
1154 761 1226 827 Ma-

163 897 255 970 gnus
270 873 455 944 comitatus
468 867 536 940 fuit
553 868 694 965 regius,
712 882 826 964 quum
843 867 1059 954 amicomm,
1078 882 1155 937 turn
1172 893 1227 938 sa-

163 985 318 1056 tellitum
335 979 441 1055 turba
454 982 618 1077 stipante.
633 983 716 1050 Non
730 980 872 1048 minore
891 977 1032 1074 agmine
1051 977 1155 1074 legati
1170 1004 1229 1048 ve-

164 1109 316 1182 nerunt,
336 1108 372 1163 et
389 1089 434 1162 ab
453 1092 591 1162 Larissa
606 1086 727 1159 multis
746 1086 1069 1185 prosequentibus,
1084 1101 1120 1158 et
1134 1087 1229 1184 lega-

163 1202 324 1274 tionibus
353 1201 568 1286 civitatium,
596 1223 676 1295 quae
707 1212 950 1268 convenerant
976 1199 1146 1268 Larissam
1161 1253 1170 1285 ,
1185 1195 1230 1268 ‘e't

163 1313 370 1384 renuntiare
400 1309 550 1380 domum
579 1325 695 1398 certa,
722 1333 802 1404 quae
826 1306 1027 1391 audissent,
1047 1305 1227 1378 volebant.

163 1429 282 1493 luerat
309 1445 393 1492 cura
421 1423 524 1491 insita
550 1418 762 1489 mortalibus
788 1417 933 1488 videndi
957 1418 1230 1518 congredientes

164 1532 322 1604 nobilem
349 1553 497 1630 regem,
525 1547 562 1601 et
593 1529 720 1628 populi
745 1530 919 1627 'principis
949 1543 1124 1598 terrarum
1142 1517 1229 1598 som-

165 1644 289 1712 nium²
308 1643 451 1740 legatos.
476 1645 668 1738 Postquam
687 1641 724 1708 in
745 1654 942 1737 conspectu
962 1654 1156 1726 steterunt,
1175 1640 1228 1708 di-

59 1768 64 1773 ’
164 1755 317 1823 rimente
350 1777 478 1837 amne,
515 1752 698 1851 paulisper
724 1749 1019 1820 internuntiando
1050 1753 1229 1820 cunctatio

165 1861 255 1949 luit,
278 1866 350 1932 utri
378 1863 722 1959 transgrederentur.
744 1858 888 1956 Aliquid
916 1859 968 1928 illi
991 1861 1096 1956 regiae
1118 1861 1228 1955 maje-

165 1975 264 2058 stati,
290 1973 423 2069 aliquid
443 1973 482 2042 hi
504 1972 630 2071 populi
654 1971 794 2042 romani
808 1968 977 2054 nomini,
1001 1990 1115 2064 quum
1141 1993 1230 2068 pra·

165 2084 286 2153 sertim
309 2087 458 2155 Perseus
477 2085 624 2181 petisset
642 2082 886 2178 colloquium,
900 2077 1149 2150 existimabant
1167 2079 1227 2151 de-

164 2193 252 2264 beri.
282 2199 369 2264 Joco
398 2194 503 2265 etiam
531 2195 686 2264 Marcius
709 2205 917 2263 cunctantes
941 2191 1064 2260 movit.
1094 2195 1227 2276 Minor,

164 2305 299 2399 inquit,
316 2305 370 2375 ad
380 2307 567 2399 mojorem,
583 2319 618 2374 et
634 2302 747 2399 (quod
764 2301 931 2398 Philippo
944 2302 1013 2398 ipsi
1026 2324 1228 2398 cognomen

165 2415 262 2508 erat)
269 2415 376 2510 filius
388 2415 441 2484 od
450 2431 593 2512 putrem
612 2407 804 2483 transacti.
828 2411 943 2482 Facile
962 2435 1172 2508 persuasum
1191 2411 1227 2482 id

165 2524 240 2618 regi
254 2539 316 2593 est.
334 2518 439 2594 Aliud
455 2524 585 2594 deinde
601 2522 867 2620 ambigebatur,
887 2543 968 2591 curn
984 2545 1093 2618 quam
1107 2522 1230 2593 multis

165 2634 338 2705 transiret.
359 2639 454 2722 Rex,
478 2657 560 2704 cum
581 2635 680 2705 omni
698 2635 871 2704 comitatu
891 2633 1063 2720 transire,
1085 2658 1229 2728 aequum

165 2742 355 2814 censebat:
376 2746 483 2841 legati
501 2745 557 2815 vel
576 2769 658 2814 cum
673 2743 788 2814 tribus
802 2744 924 2814 venire
939 2739 1137 2840 jubebant,
1155 2744 1228 2828 vel,
1271 2771 1275 2781 ·

165 2855 193 2922 si
224 2868 363 2923 tantum
394 2877 521 2948 agmen
551 2853 774 2936 traduceret,
804 2850 949 2922 obsides
979 2849 1080 2920 daret
1090 2847 1117 2937 l,
1141 2851 1229 2922 nihil

201 3043 265 3088 Car.
280 3041 405 3089 XXXIX.
422 3057 444 3088 1.
458 3039 515 3104 Levi
527 3057 591 3086 aura
606 3039 657 3104 spei
663 3058 672 3095 ;
718 3041 744 3086 in
772 3040 855 3088 multis
884 3039 1034 3088 Marciorum
1059 3039 1227 3104 Philipporum
1286 3089 1292 3108 ἱ

167 3120 224 3168 vide
237 3119 269 3166 ad
282 3121 332 3178 111,
346 3119 377 3166 33
386 3153 393 3176 ,
403 3134 428 3166 n.
439 3134 465 3165 a.
718 3119 822 3167 nummis
834 3120 872 3165 vel
884 3130 961 3166 statua
973 3121 1103 3180 equestris,
1117 3120 1155 3165 vel
1169 3121 1228 3167 ima·

200 3215 224 3246 2.
238 3197 328 3262 Populi
339 3194 458 3261 principis
479 3206 599 3243 terrarum
621 3213 673 3242 om·
719 3213 750 3260 go
766 3197 874 3247 Castoris
892 3213 956 3260 equo
973 3197 1100 3260 gaudentis
1114 3198 1228 3246 exhibea-

164 3278 231 3325 nium
238 3295 248 3332 ;
259 3277 316 3327 ride
328 3276 359 3324 sd
372 3277 475 3334 XXIX,
490 3290 530 3337 17,
543 3291 568 3323 n.
585 3291 608 3323 2.
718 3287 773 3336 tur3
784 3276 832 3324 vid.
846 3277 927 3324 llrsin.
940 3277 966 3323 in
977 3277 1058 3324 Famil.
1068 3279 1141 3324 Rom.
1153 3279 1229 3342 Span-

201 3352 675 3422 3.Filiusadpatremtranseat:jocum
718 3356 783 3404 hem.
803 3355 900 3404 de'usn
920 3368 944 3404 et
965 3373 1002 3421 pr.
1020 3373 1086 3404 unm.
1104 3357 1228 3416 Diss.Vl,

165 3445 247 3498 captat
265 3436 371 3497 Quintus
388 3435 495 3482 Marcius
514 3434 587 3493 inde,
606 3432 674 3496 qnod
717 3444 745 3498 p.
759 3435 824 3496 525,
837 3435 875 3481 ed.
885 3451 932 3482 sec.
943 3447 967 3484 et
978 3435 1082 3484 Havcrk.
1092 3437 1119 3483 in
1130 3437 1227 3484 Comm.

154 3513 216 3577 -ipsi
226 3505 355 3578 cognomen
369 3525 423 3560 erae
436 3511 565 3578 Philippo,
580 3525 605 3560 et
618 3515 674 3560 Per·
719 3514 750 3562 ad
758 3515 830 3562 Thes.
844 3515 930 3562 Morel.
943 3527 960 3563 t.
975 3521 995 3573 Ι,
1005 3533 1032 3582 p.
1047 3517 1108 3563 262.
1123 3515 1171 3564 Sed
1185 3516 1228 3562 ad-

165 3593 199 3639 sei
210 3603 278 3655 petru
290 3594 367 3640 luerat
377 3592 512 3657 Philippus.
525 3592 674 3656 wongtnem
719 3594 819 3640 modurn
832 3609 910 3640 rarum
921 3605 970 3653 est,
980 3597 1104 3642 Romanos
1110 3593 1161 3654 jam
1173 3605 1230 3641 ante

164 3673 236 3732 hujus
253 3673 407 3736 cognominis
420 3673 570 3720 Marciorum
583 3672 625 3719 alii
638 3688 675 3719 re·
720 3673 809 3721 bellum
825 3673 943 3722 Punicum
964 3676 975 3719 I
992 3674 1137 3737 cognomina
1153 3683 1228 3735 graeca

164 3762 252 3814 petunt
272 3751 303 3798 ab
320 3751 423 3800 amicitia
436 3762 462 3798 et
475 3751 585 3814 hospitio
598 3751 675 3814 patris
720 3749 850 3800 adscivisse
856 3775 877 3799 n.
891 3751 963 3800 Drak.

165 3846 221 3877 cum
243 3830 373 3895 Philippo,
398 3831 479 3877 Persei
500 3840 568 3892 patre
587 3830 674 3894 (conl.
756 3841 781 3888 4.
794 3831 892 3880 Obsides
902 3825 1086 3894 daret‚supplc
1096 3842 1133 3888 nt,
1144 3841 1168 3878 et
1177 3831 1232 3880 vidi

165 3923 220 3971 cap.
233 3915 265 3964 4⁰
278 3919 339 3956 extr.
357 3908 400 3956 sod
411 3908 459 3968 jam
470 3923 588 3971 proavum
604 3909 675 3969 hujus
719 3913 820 3971 XXVI,
829 3927 876 3972 22,
890 3928 914 3959 n.
930 3913 953 3960 3.
965 3913 1032 3957 Dare
1038 3911 1141 3958 malebat
1151 3913 1229 3960 Gron.

165 3986 254 4034 Marcii
275 3987 301 4034 id
322 3987 457 4036 obtinuisse
473 3987 544 4034 docet
561 3988 630 4051 Pigh.
649 3989 676 4034 in
720 3987 1231 4053 -VulgatamdefenditDrak.,etlectorem

166 4069 232 4113 Ann.
252 4065 284 4113 ad
297 4081 319 4114 a.
337 4067 403 4128 524,
415 4081 471 4131 pag.
489 4066 536 4112 108
549 4065 572 4128 );
589 4066 630 4114 alii
645 4066 675 4113 ab
721 4067 821 4116 remittit
830 4068 862 4115 ad
873 4071 907 4126 X,
920 4068 986 4134 lus
999 4070 1028 4128 8,
1039 4079 1064 4116 et
1075 4068 1106 4115 ad
1116 4067 1231 4127 XXXII,

166 4159 285 4206 equorum
299 4143 458 4209 studio‚quo
473 4144 596 4205 referunt,
610 4144 678 4208 quod
725 4147 771 4204 16,
794 4145 858 4210 §93
882 4147 924 4194 ubi
947 4145 1060 4210 probarit
1079 4157 1135 4210 post
1158 4149 1230 4194 verba
1291 4134 1296 4142 ⁵

1077 4231 1108 4300 5.
