2976 4712
271 479 272 482 Ἴ
453 387 747 457 ‘LIBRORUM
780 388 918 457 LIVII.
1153 387 1240 474 465·

164 507 253 603 giuti
274 507 342 577 tria
361 506 488 594 millia,
508 523 693 606 nongenta
708 509 832 606 viginti
850 505 950 578 tria3.
968 510 1112 581 Fulvius
1125 511 1225 583 Flac-

165 641 227 687 cus
240 616 366 687 consul
380 616 550 689 Vardaeos
566 618 604 688 in
618 617 761 714 Illyrico
775 616 949 716 subegitt.
964 622 1011 690 M.
1028 623 1227 693 Cosconius

165 741 298 825 praetor
318 727 356 796 in
378 725 527 798 Thracia
552 750 634 798 cum
658 726 833 798 Scordicis
852 750 1024 824 prospere
1044 729 1226 825 pugnavit.

166 840 289 928 Quum
303 836 440 907 bellum
452 837 713 909 Numantinum
731 837 818 906 vitio
833 837 966 908 ducum
985 859 1059 906 non
1074 837 1149 908 sine
1164 861 1230 935 pu-

167 946 255 1018 doro
273 947 422 1046 publico
441 947 601 1034 duraret,
621 946 759 1018 dotatus
777 963 831 1019 est
849 948 945 1019 ultro
964 948 1124 1044 Scipioni
1137 947 1230 1018 Afri-

167 1081 259 1128 cano
276 1081 296 1126 a
313 1071 437 1128 senatu
459 1056 671 1155 populoque
693 1082 845 1129 romano
865 1057 1099 1128 consulatus:
1121 1081 1231 1153 quem

165 1193 282 1266 quum
305 1168 355 1238 illi
373 1186 499 1266 capere
521 1168 569 1239 ob
590 1167 721 1266 legem,
745 1193 825 1265 quae
846 1166 991 1239 vetabat
1012 1191 1232 1264 quemquam

167 1280 297 1350 iterum
311 1277 497 1348 consulem
515 1276 594 1349 fieri
603 1275 630 1367 ⁵,
649 1303 724 1348 non
741 1277 881 1363 liceret,
902 1279 1006 1348 sicuti
1022 1278 1134 1375 priori
1149 1300 1233 1346 con·
1278 1329 1281 1340 .

169 1385 307 1473 sulam,
326 1385 466 1484 legibus
489 1379 629 1457 soiutus
652 1401 715 1458 est.
735 1387 873 1458 Bellum
891 1387 1037 1474 servile,
1059 1388 1097 1455 in
1117 1383 1235 1458 Sicilia

169 1511 290 1569 ortum
299 1493 326 1584 ⁶,
348 1519 463 1594 quum
483 1498 641 1594 opprimi
658 1521 686 1579 ¹a
708 1495 922 1593 praetoribus
946 1520 1021 1566 non
1042 1497 1234 1593 potuisset,

171 1611 209 1678 C.
232 1607 357 1678 Fulvio
381 1606 523 1678 consuli
543 1604 750 1676 mandatum
773 1621 837 1676 est.
856 1606 970 1700 Hujus
988 1604 1075 1676 belli
1094 1607 1236 1677 initium

171 1714 240 1786 fuit
253 1721 379 1786 Eunus
391 1739 530 1804 servus,
547 1717 692 1786 natione
707 1719 830 1810 Syrus,
846 1717 928 1812 qui,
943 1729 1127 1785 contracta
1141 1739 1238 1812 agre-

171 1828 280 1898 stium
294 1814 480 1896 serv'orum
494 1849 604 1895 manu
619 1839 655 1896 et
673 1823 798 1895 solutis
814 1825 1020 1922 ergastulis,
1033 1824 1121 1918 justi
1137 1849 1236 1896 excr-

173 1936 263 2007 citus
277 1959 472 2006 numerum
484 1936 655 2033 implevit.
674 1936 787 2006 Cleon
807 1960 972 2033 quoque,
992 1935 1238 2023 aiter·servu5‚
1257 1953 1261 1958 '⁸

173 2047 218 2118 ad
232 2052 466 2147 ·scptuaginta
486 2049 596 2119 millia
617 2071 804 2118 servorum
829 2047 1029 2135 contraxit3
1049 2061 1106 2133 et,
1128 2047 1240 2144 copiis

83 2159 86 2164 ’
172 2158 320 2251 junctis,
336 2175 461 2230 contra
476 2158 654 2256 populum
669 2181 859 2228 romanum
877 2159 1146 2252 exercitumque
1164 2156 1241 2249 ejus

174 2265 311 2337 bellum
330 2292 422 2366 saepe
441 2282 637 2366 gesserunt.
1174 2249 1190 2262 '⁵

215 2473 240 2520 3.
254 2472 386 2537 Nongenta
394 2471 689 2537 vigintitriarhaecver·
734 2486 881 2535 quemquam
893 2471 1014 2518 inseruere
1026 2471 1092 2526 intra
1104 2471 1186 2519 decem
1197 2487 1243 2519 an·
1326 2465 1327 2470 ’

179 2551 222 2608 br,
237 2567 291 2614 quae
304 2552 337 2599 ob
348 2551 445 2599 numeri
461 2538 535 2615 princ.
550 2551 688 2600 similitudi·
733 2565 793 2596 nos:
805 2565 862 2596 nam
879 2550 941 2597 MSS
960 2551 1008 2597 scre
1026 2565 1110 2598 omnes
1129 2550 1243 2614 ignorant

180 2645 236 2678 nem
246 2629 403 2688 exciderunt,
416 2629 517 2690 adiecit
525 2629 604 2678 tribus
616 2630 688 2678 MSS.
732 2627 785 2676 haeo
796 2627 877 2684 verba,
888 2637 913 2674 et
922 2630 976 2675 XII
986 2629 1044 2675 runi
1054 2628 1174 2688 interjecti
1187 2640 1244 2676 runt

178 2708 259 2756 Portis
274 2719 298 2756 et
311 2724 325 2755 c
336 2707 414 2756 tribus
431 2707 485 2756 aliis
504 2707 648 2756 tnhstitnore
662 2725 688 2757 n.
731 2705 796 2754 inter
808 2707 914 2769 priorem
929 2717 954 2753 ct
967 2706 1033 2754 hunc
1047 2705 1167 2768 Scipionis
1182 2722 1243 2754 oon·

179 2785 281 2849 triginta
292 2785 348 2834 tria.
732 2785 844 2833 inlatum.
861 2787 898 2832 De
911 2801 937 2832 re
949 2785 980 2830 oi.
995 2785 1105 2864 Appiam
1115 2784 1186 2848 Hisp.
1197 2786 1244 2842 84,

215 2871 240 2919 4.
253 2865 289 2910 Μ.
302 2861 397 2910 Fulvius
408 2863 510 2911 Flaccus
521 2859 606 2911 consui
617 2880 639 2910 r.
652 2866 687 2912 U.
732 2865 776 2927 qui
788 2874 871 2910 tomen
883 2862 945 2910 male
958 2861 1047 2919 tradit,
1059 2861 1170 2924 Scipioni
1181 2877 1244 2912 non-

181 2942 232 2990 618
249 2941 369 2989 Vardoeos
381 2942 456 3006 (vide
474 2942 507 2990 td
518 2942 691 3004 utuntur,-
734 2942 794 2990 dum
809 2941 943 3004 legitimum
960 2940 1034 2988 fuum
1051 2949 1158 2999 tentem,
1175 2951 1201 2988 et
1218 2941 1245 2988 in

183 3023 231 3080 30,
242 3036 270 3068 n.
286 3020 338 3085 ro)
350 3020 375 3067 in
393 3019 490 3084 Illyrico
504 3020 607 3085 subegit,
623 3031 647 3068 et
660 3020 690 3068 nb
735 3022 787 3082 cius
803 3021 903 3084 gratiam
921 3021 999 3084 legem
1015 3018 1127 3066 annalem
1148 3019 1246 3083 abroga-

183 3117 227 3149 orn
244 3099 363 3148 maritima
381 3099 504 3148 transtulit
522 3100 550 3147 in
561 3099 691 3158 inferiom
736 3111 785 3150 tam
799 3108 914 3163 annoque
927 3099 1004 3161 inseq.
1023 3097 1112 3146 iterum
1130 3097 1245 3146 sancitam

182 3180 292 3228 videatur
303 3179 445 3244 Appianas,
457 3179 525 3243 lllyr.
538 3195 580 3238 ro¹
594 3190 619 3226 et
632 3178 692 3227 Bell.
736 3179 818 3246 fuisre.
831 3178 970 3242 Scipionem
984 3187 1036 3224 tum
1051 3175 1130 3240 egisse
1139 3177 1189 3238 jam
1198 3171 1245 3224 'on-

186 3258 240 3307 Giv.
255 3262 284 3316 1,
302 3260 349 3318 34,
370 3268 395 3308 ct
412 3259 492 3310 strab.
506 3261 570 3318 VII,
587 3259 617 3316 5,
638 3258 693 3323 sq,
737 3272 796 3305 num
816 3259 837 3303 L
856 3257 947 3317 aerttir,
968 3269 1000 3302 ex
1016 3255 1068 3302 Lir.
1090 3255 1178 3310 nutv,
1197 3262 1245 3313 ω

184 3354 240 3402 pag.
257 3339 321 3398 315,
336 3339 379 3403 qui
396 3339 466 3388 locus
483 3339 516 3387 ad
535 3339 599 3386 hanc
619 3339 695 3386 histo·
738 3337 803 3385 Vell.
813 3339 847 3394 Π,
858 3345 883 3395 4,
894 3348 920 3386 et
930 3329 982 3386 Cic'.
994 3335 1025 3384 de
1034 3335 1113 3384 Amic,
1126 3336 1152 3394 3,
1162 3334 1247 3384 docuit

184 3417 245 3464 riom
256 3419 369 3480 pertinet.
688 3431 691 3440 ¹
740 3415 875 3480 Schweigh,

189 3503 195 3516 '
222 3494 250 3543 5.
265 3496 302 3544 Ob
319 3496 409 3560 legem,
429 3513 485 3560 quer
495 3496 694 3558 vetabatqntm·
774 3495 799 3542 6.
809 3495 903 3542 Bellum
919 3493 1002 3541 servile
1023 3509 1065 3550 reu
1090 3491 1247 3556 fugitivorum

144 3568 149 3574 ’
188 3589 262 3638 quam
284 3573 370 3622 iterum
390 3576 511 3624 consulem
523 3574 601 3642 ficri‚·
624 3589 696 3637 qutun
739 3574 764 3624 itt
777 3572 861 3620 Sicilia
875 3584 993 3620 ortum...
1012 3573 1138 3619 Eunus...
1158 3571 1245 3630 Cleon,

187 3651 262 3716 paulo
275 3663 331 3700 onte
343 3652 396 3700 haeo
407 3663 528 3717 tempora,
542 3653 635 3701 Catone
644 3667 697 3700 rua·
739 3663 785 3701 etc.
795 3653 862 3701 cons.
873 3652 938 3716 Epit.
953 3653 1008 3700 Lvt
1021 3661 1046 3698 et
1057 3652 1128 3708 th3
1140 3649 1247 3701 Diodor.

188 3730 274 3792 dente,
289 3730 377 3790 latam,
399 3731 444 3778 sed
461 3742 519 3795 port
536 3731 613 3780 tacito
636 3745 695 3780 oon·
740 3733 801 3780 Ero.
821 3730 865 3780 lib.
884 3731 1013 3790 XXXW3
1032 3729 1097 3777 Flor.
1120 3730 1172 3788 111,
1201 3745 1248 3794 193

188 3825 261 3858 centu
272 3808 377 3856 civitatis
386 3808 524 3874 abrogatam
532 3811 619 3869 tuisse,
628 3810 696 3858 colli·
742 3812 814 3858 Oros,
823 3811 855 3868 V,
866 3826 890 3871 9.
902 3835 936 3846 -
947 3809 1038 3856 Contra
1043 3807 1162 3871 populum
1171 3823 1251 3857 roma·

190 3887 260 3950 gebat
275 3888 403 3951 sigonius,
423 3905 455 3936 ex
462 3889 579 3937 Prisciani
591 3888 635 3936 lib.
648 3892 695 3947 111,
743 3905 802 3936 num
818 3886 1000 3950 exercitumque
1018 3885 1086 3952 ejus,·
1106 3885 1202 3936 breviut
1225 3899 1250 3936 et

188 3982 246 4032 pag.
267 3967 330 4024 601,
350 3977 374 4016 et
391 3969 463 4016 Festo
476 3983 531 4024 roc.
546 3969 699 4016 Pavimenta.
743 3968 823 4032 aptior
841 3967 891 4015 duo
912 3966 996 4030 scripti
1010 3967 1115 4015 Grutem
1134 3966 1247 4029 inspectu

190 4047 263 4114 Cous.
278 4045 348 4110 rign.
362 4047 429 4098 Anu.
443 4047 475 4096 ad
494 4064 525 4096 r.·
535 4047 584 4096 603
599 4058 625 4096 et
637 4048 701 4110 619.
744 4047 853 4096 Pithoeus
870 4044 1096 4109 apud'Herrnium,
1111 4054 1136 4092 et
1149 4044 1250 4110 Campa·

191 4126 312 4188 Pieraeque
333 4124 390 4174 edd.
409 4137 468 4174 vett.
494 4140 619 4190 perperam
643 4137 700 4189 post
744 4141 807 4186 nur,
823 4125 935 4174 adom
955 4123 1087 4173 exercitum
1105 4139 1231 4176 romanum
1238 4159 1246 4181 ,

313 4195 409 4280 Vm
1083 4207 1128 4282 30
