2976 4712
462 319 733 446 crnnoeuu
758 376 898 444 crvu.
1129 376 1213 470 '479

153 493 303 566 feliciter
319 494 442 591 p'raelio
458 495 627 568 adversus
645 496 857 596 Jugurtham
871 512 971 594 gesto
989 520 1114 594 pacem
1128 522 1217 596 quo·

153 627 225 701 que
242 603 372 699 adjecit
386 606 680 702 ignominiosam,
694 630 804 704 quam
820 630 897 678 non
912 629 988 679 esse
1006 607 1215 680 servandam

153 727 298 784 senatus
316 716 464 786 censuit.

401 963 645 1032 EPITOME
675 964 821 1032 LIBRI
852 965 971 1033 LXV.

200 1176 244 1265 Q.
263 1174 424 1246 Caecilius
444 1173 611 1246 Metellus
629 1175 757 1246 consul
779 1172 924 1246 duobus
939 1173 1070 1273 praeliis
1083 1181 1216 1274 Jugur-

152 1284 251 1354 tham
267 1283 378 1372 fudit,
396 1298 584 1382 totamque
596 1283 822 1357 Numidiam¹
839 1287 998 1355 vastavit.
1020 1291 1069 1358 Μ.
1090 1288 1217 1358 Junius

151 1393 292 1467 Silanus
314 1394 441 1466 consul
462 1394 631 1466 adversus
645 1393 811 1466 Cimbros
824 1393 1015 1467 infeliciter
1029 1399 1214 1494 pugnavit.

149 1508 289 1603 Legatis
307 1504 536 1577 Cimbrorum
555 1503 677 1576 sedem
696 1519 732 1574 et
750 1529 873 1603 agros,
894 1503 1083 1602 inquibus
1101 1508 1218 1578 consi·

151 1630 287 1688 sterent
297 1625 325 1705 ²,
345 1613 613 1714 postulantibus
635 1629 778 1686 senatus
797 1615 948 1712 negavit.
972 1618 1021 1685 M.
1035 1616 1217 1689 Minucius

150 1725 522 1824 proconsuladversus
532 1725 685 1822 Thracas
695 1749 868 1824 prospere
876 1723 1128 1825 pugnavit³.L.
1136 1731 1217 1799 Cas-

151 1837 223 1908 sius
238 1836 365 1930 consul
386 1862 406 1907 a
425 1837 603 1934 Tigurinis
618 1836 749 1925 Gallis,
766 1861 858 1935 pago
874 1836 1139 1923 Helvetiorum,
1153 1839 1219 1935 qui

151 1969 171 2017 a
198 1947 337 2018 civitate
364 1947 621 2033 secesserantt,
650 1947 688 2015 in
714 1944 848 2017 finibus
872 1945 1109 2045 Allobrogum
1135 1972 1219 2019 cum

152 2056 311 2128 exercitu
335 2079 446 2128 caesus
469 2071 532 2127 est.
559 2054 712 2144 Milites,
731 2053 859 2154 quiex
879 2079 921 2127 ea
945 2056 1045 2127 clade
1069 2082 1216 2156 supera-

150 2180 294 2256 verant,
325 2165 513 2239 obsidibus
543 2164 633 2237 datis
663 2179 699 2236 et
726 2165 875 2237 dimidia
902 2191 1024 2238 rerum
1052 2169 1217 2239 omnium

151 2291 274 2374 parte,
293 2293 336 2349 ut
353 2276 552 2349 incolumes
573 2276 850 2362 dimitterentur,
869 2302 953 2350 cum
971 2275 1137 2350 hostibus
1152 2303 1215 2379 pa·

150 2385 198 2456 cti
216 2401 309 2458 sunt.

149 2625 205 2674 Sall.
217 2627 275 2688 lug.
290 2633 320 2682 4ι
335 2641 385 2690 seq.
394 2637 420 2683 ,et
434 2630 504 2675 Oros.
515 2627 547 2685 V,
567 2627 607 2676 15.
626 2655 661 2664 -
705 2630 824 2677 etBurm.
840 2629 872 2677 ad
883 2627 955 2676 Ovid.
967 2629 1066 2676 Metam.
1082 2633 1134 2690 XI,
1154 2640 1214 2692 407.
1257 2625 1262 2632 ’

149 2704 331 2770 Proelr'ogesto,
351 2717 379 2752 ut
391 2707 458 2770 apud
468 2707 661 2765 Frontin.11,6,
706 2707 866 2755 Considerent
886 2707 992 2770 primum
1016 2707 1114 2756 exbibet
1138 2710 1215 2760 editio

149 2785 165 2849 5
179 2801 203 2845 1,
219 2783 406 2832 etAurel.Vict.
417 2785 447 2832 de
457 2786 517 2834 Caes.
528 2786 576 2847 ab,
589 2783 660 2834 etde
703 2786 804 2834 Ascens.
816 2802 838 2833 a.
854 2784 928 2832 1513.

149 2864 217 2914 Viris
228 2865 264 2914 ill.
282 2877 337 2924 cap.
352 2863 478 2912 10.Drsk.
497 2889 532 2900 -—
547 2863 659 2927 Plerique
739 2865 765 2912 3.
779 2865 815 2912 M.
830 2860 950 2909 Minucius
962 2864 1042 2911 Rufus
1048 2880 1119 2927 proc.
1131 2868 1214 2916 αάνον·

148 2945 205 2993 libri
217 2945 281 2994 inter
292 2943 324 2998 τὰ
332 2955 401 3010 gesto
415 2954 440 2991 et
447 2958 539 3007 pacem
549 2943 660 2990 inserunt
703 2957 742 2988 sus
755 2941 877 2997 Thracas,
894 2940 1035 2988 Scordiscos
1045 2953 1069 2990 et
1077 2944 1215 3013 mitulos,

149 3023 249 3073 verbum
261 3022 382 3092 conflixit,
392 3022 461 3086 quod
471 3021 543 3086 plens
552 3021 658 3072 otiosum
698 3035 816 3084 prospers
826 3019 948 3083 pugnavit
962 3035 983 3069 c.
994 3020 1055 3069 Urb.
1068 3022 1129 3082 644.
1140 3026 1212 3077 fons,

149 3104 235 3152 merito
246 3103 340 3166 judicat
349 3103 419 3151 Crev.
429 3105 475 3151 Eo.
703 3099 768 3148 Flor.
778 3099 824 3156 111,
835 3105 864 3157 43
877 3097 988 3148 Frontln·
998 3101 1033 3158 Π,
1046 3100 1096 3166 l‚'§
1110 3103 1212 3163 33v011.

184 3185 255 3233 llrrr.
275 3185 352 3232 va.
371 3200 392 3232 1.
415 3183 549 3245 Totamque
569 3177 656 3227 Numi-
700 3180 741 3238 11,
753 3179 782 3237 83
794 3175 863 3240 Pigh.
873 3177 938 3234 Arm.
951 3177 983 3225 ad
994 3194 1016 3226 a.
1026 3177 1088 3235 644.

148 3262 231 3321 dmm,
249 3274 296 3317 etc.
315 3265 374 3312 Haec
388 3261 520 3328 proferunt
530 3259 657 3309 Creverius
736 3264 761 3313 4.
774 3259 799 3306 L.
810 3255 905 3304 Cassius
915 3257 1040 3321 Longinus
1053 3262 1167 3310 consula.
1178 3264 1210 3312 U.

149 3351 173 3388 et
190 3343 265 3392 Drak.
283 3358 330 3408 pro
347 3341 495 3396 universam,
513 3337 581 3402 quod
597 3336 657 3385 olim
701 3337 753 3392 646
764 3346 885 3384 emissust
900 3353 917 3384 a
930 3336 1051 3403 ligurrierit
1064 3339 1156 3400 Gallis,
1166 3359 1212 3407 pa-

148 3419 281 3484 legebatur,
293 3421 377 3468 invitis
388 3419 509 3468 veteribus
521 3417 597 3466 libcis.
611 3419 656 3467 Eo.
698 3431 750 3481 go,
774 3431 824 3463 uno
838 3431 852 3464 e
871 3426 977 3480 quatuor
993 3419 1077 3481 pagis,
1096 3420 1212 3470 Helvetio-

147 3525 183 3534 -—
195 3501 231 3549 Μ.
251 3499 339 3548 Iunius
354 3499 450 3547 Silanus
464 3497 549 3545 consul
563 3513 577 3544 s
594 3495 656 3546 Urb.
700 3511 767 3552 rum,
787 3495 831 3559 qui
841 3511 858 3543 a
871 3495 968 3544 civitate
980 3509 1140 3556 secesserant,
1155 3499 1172 3549 i.
1187 3517 1209 3552 e.

148 3578 199 3634 644
213 3578 326 3626 adversus
346 3574 593 3640 Cimbrosinsslicr'tsr
604 3593 656 3641 pre·
699 3574 730 3622 ab
750 3573 915 3623 Helvetiorum
936 3575 1044 3639 populo,
1067 3576 1210 3641 republica3
1279 3605 1281 3624 t

145 3656 243 3720 gnesin
257 3657 323 3706 conl.
335 3659 426 3705 Ascon.
442 3655 501 3708 Pet.
514 3654 541 3702 in
551 3654 602 3704 Cic.
613 3657 655 3704 Or.
700 3652 757 3701 vide
768 3653 800 3700 ad
811 3653 865 3701 Lir.
878 3654 999 3712 mlv,
1014 3653 1084 3720 16,§
1098 3663 1121 3712 4.
1133 3658 1171 3705 De
1183 3674 1210 3708 re

151 3751 173 3794 r,
184 3751 230 3798 pro
242 3735 339 3785 Cornel.
352 3745 414 3784 extr.
427 3752 452 3798 p.
465 3735 522 3782 131.
701 3731 1045 3794 eonf.Caes.Bell.Gsll.1,7,
1056 3750 1085 3780 xe
1094 3737 1210 3798 sq.Oror,

181 3829 206 3863 a.
219 3813 304 3861 Scdem
316 3825 340 3861 et
350 3829 436 3878 agros,
449 3812 474 3859 in
484 3811 570 3876 quibus
578 3812 657 3860 consi·
700 3813 733 3872 V,
756 3813 787 3860 15
794 3827 802 3869 ;
825 3809 891 3858 Flos.
902 3812 956 3870 111,
977 3813 1000 3860 3.
1013 3811 1120 3861 Helvetii
1133 3815 1210 3866 Gallis

147 3904 252 3949 sterentr
268 3891 303 3941 h:
312 3909 333 3940 e.
353 3902 411 3956 post
427 3891 517 3956 longos
534 3905 657 3954 vagosque
700 3889 932 3938 annumerabuntur:
940 3888 984 3937 sed
995 3905 1078 3938 eorum
1086 3891 1142 3940 loco
1153 3895 1211 3943 Ger.

147 3985 240 4019 errores
252 3979 317 4018 certe
326 3969 455 4034 stabilique
466 3969 523 4018 sede
531 3958 656 4018 manerent
700 3984 786 4016 menos
795 3977 912 4017 memoret
923 3969 979 4016 Tac.
990 3970 1073 4020 Germ.
1084 3971 1125 4032 37.
1144 3973 1209 4024 Hinc

114 4073 118 4077 -
147 4062 171 4098 et
188 4050 345 4114 quiescerent.
364 4048 438 4098 Cous.
458 4048 523 4097 Dult.
543 4048 654 4098 etDrek.
700 4047 813 4096 Oudend.
828 4058 853 4096 st
864 4047 946 4096 Daris.
959 4047 991 4095 etl
1003 4049 1064 4098 Caes.
1078 4051 1095 4100 1.
1104 4051 1122 4100 l.
1131 4056 1210 4119 suspi-

146 4129 213 4178 adh.
228 4128 245 4178 l.
261 4127 345 4177 Heins.
358 4127 389 4177 etl
397 4129 466 4192 Virg.
478 4129 531 4176 AEn.
543 4130 570 4188 l,
587 4127 654 4190 629,
700 4127 826 4187 orbantur,
836 4126 919 4175 Gallos
930 4127 975 4176 sub
982 4127 1158 4180 Germanomm
1167 4149 1210 4180 no·
