2984 4706
208 356 332 464 32:323:
413 373 564 442 claua
594 371 728 440 xciv.
756 371 862 440 car.
887 370 1024 439 xxxr.
1066 357 1068 364 ’
1172 392 1240 466 227

180 495 345 568 infertur.
359 497 464 573 Mons
479 490 650 575 scodrus,
663 491 769 589 longe
782 491 971 564 altissimus
981 493 1138 588 regionis
1149 493 1244 588 ejus,

182 605 228 678 ab
243 608 383 678 oriente
396 601 611 674 Dardaniam
626 600 822 696 subjectam
838 600 964 689 habet,
978 625 998 671 a
1012 603 1161 678 meridie
1175 609 1245 675 Ma·

181 715 387 799 cedoniam,
409 711 455 783 ab
474 733 603 782 occasu
624 711 816 807 Illyricum.
834 713 1050 808 Quanquam
1065 715 1245 786 munitum

181 826 253 897 situ
275 822 429 896 naturali
448 820 624 919 oppidum
645 835 742 903 erat,
768 843 927 917 gensque
951 821 989 892 id
1011 836 1087 892 tota
1108 823 1246 920 Illyrio·

181 959 265 1006 rum
277 949 313 1006 et
326 959 391 1006 rex
404 935 480 1030 ipse
493 929 674 1019 tuebatur,
690 945 812 1001 tamen
829 945 960 1027 praetor
973 936 1248 1030 romanus,qnia

182 1047 299 1142 prima
312 1057 556 1115 successerant
569 1065 758 1138 prospere,
772 1037 954 1110 fortunam
968 1041 1078 1112 totius
1089 1044 1141 1112 rei
1154 1047 1249 1140 prin·
1289 1095 1293 1122 ,

183 1155 276 1252 cipia
290 1167 521 1250 sequuturam
538 1175 615 1221 esse
629 1166 744 1237 ratus,
760 1163 796 1220 et
814 1151 1043 1247 repentinum
1056 1150 1248 1252 valiturum

184 1278 379 1348 terrorem,
392 1263 568 1332 instructo
583 1261 740 1330 exercitu
754 1258 798 1330 ad
813 1260 946 1330 moenia
959 1259 1128 1332 succedit.
1141 1263 1251 1353 Quod

185 1374 214 1444 si
230 1372 358 1444 clausis
372 1372 485 1467 portis
503 1393 628 1442 muros
645 1384 905 1466 portarumque
919 1384 1053 1458 turres,
1071 1369 1252 1468 dispositis

184 1485 350 1570 armatis,
378 1480 640 1567 defendissent,
666 1503 760 1550 vano
788 1503 870 1550 cum
899 1480 1044 1578 incepto
1071 1481 1252 1552 moenibus

185 1591 408 1690 pepulissent
427 1594 616 1660 Romanos.
638 1593 764 1676 Nunc,
791 1604 896 1686 porta
909 1593 1066 1686 egressi,
1089 1590 1252 1688 praelium

187 1702 270 1772 loco
297 1724 402 1798 aequo
423 1699 560 1794 majore
578 1701 698 1768 animo
717 1699 995 1787 commiserunt,
1019 1722 1128 1797 quam
1151 1707 1253 1772 susti·

188 1824 357 1881 nuerunt.
370 1808 467 1880 Pulsi
482 1809 628 1879 enimet
642 1806 725 1904 suga
738 1807 963 1905 conglobati,
977 1835 1091 1906 quum
1106 1811 1254 1884 ducenti

187 1919 341 2018 amplius
350 1920 399 1989 ain
424 1920 509 2016 ipsis
532 1915 696 1989 faucibus
720 1933 834 2014 portae
859 1919 1090 2009 cecidissent,
1115 1937 1254 1994 tantum
1355 1899 1367 1920 ⁸

189 2030 390 2100 intulerunt
406 2044 599 2116 terrorem,
621 2043 660 2098 ut
680 2041 840 2098 oratores
860 2030 1042 2127 extemplo
1060 2030 1105 2100 ad
1123 2048 1253 2129 praeto-

189 2165 267 2212 rem
285 2141 443 2210 mitteret
462 2139 614 2212 Gentius
636 2138 823 2208 Teuticum
842 2154 878 2210 et
895 2139 1033 2211 Bellum
1046 2191 1064 2231 ,Δ
1075 2133 1255 2240 principes

189 2252 325 2348 gentis,
349 2276 414 2349 per
438 2274 531 2346 quos
556 2249 722 2320 inducias·
738 2260 897 2345 peteret,
918 2266 964 2321 ut
984 2249 1186 2323 deliberare
1209 2255 1254 2324 de

187 2376 283 2432 statu
294 2386 413 2432 rerum
431 2385 574 2432 suarum
589 2374 719 2456 posset.
735 2359 869 2430 Triduo
884 2362 923 2430 iri
936 2361 1007 2432 hoc
1022 2359 1122 2449 date,
1136 2387 1252 2460 quum

188 2485 303 2542 castra
323 2495 470 2541 romana
489 2471 708 2567 quingentos
728 2467 841 2540 ferme
864 2491 1003 2566 passus
997 2469 1057 2540 ab
1076 2469 1167 2542 urbe
1189 2473 1254 2544 ab·
1293 2513 1296 2522 ι

190 2596 330 2669 essent,
344 2606 470 2652 navem
484 2579 709 2666 conscendit,
727 2593 763 2649 et
777 2577 926 2650 flumine
934 2579 1098 2650 Barbaria
1114 2584 1257 2680 navigat

191 2696 228 2762 in
247 2669 364 2762 lacum
381 2690 595 2776 Labeatum,
617 2689 715 2759 velut
732 2702 908 2758 secretum
925 2687 1046 2759 locum
1066 2706 1192 2787 petens
1210 2691 1254 2762 ad

192 2800 490 2884 consultandum
515 2799 599 2886 sed,
622 2813 679 2868 ut
689 2800 875 2895 apparuit,
898 2795 986 2868 falsa
1010 2821 1073 2895 spe
1100 2804 1256 2888 excitus,

193 2911 441 2982 Caravantium
476 2854 649 2991 fratrem,
690 2906 811 2978 multis
845 2906 1257 2981 millibus‘·'armatorum

193 3017 297 3091 actis³
314 3043 412 3090 exea
430 3019 595 3114 regione,
613 3018 653 3084 in
669 3039 777 3112 quam
793 3015 923 3085 missus
942 3030 1037 3104 erat,
1055 3015 1256 3091 adventare.

194 3129 266 3218 Qui
284 3142 476 3227 postquam
498 3126 643 3196 evanuit
667 3148 804 3220 rumor,
826 3127 931 3195 tertio
953 3139 1034 3222 post
1053 3126 1111 3197 die
1129 3153 1257 3200 navem
1275 3203 1282 3216 ‚

194 3239 357 3312 eamdem
379 3236 538 3310 secundo
563 3238 661 3306 amni
679 3232 851 3308 Scodram
871 3233 1012 3304 demisit
1023 3241 1259 3333 ,praemissis-

195 3373 268 3446 que
286 3350 441 3435 nuntiis,
461 3363 502 3419 ut
521 3345 589 3418 sibi
607 3342 812 3458 appellandi
833 3345 1005 3439 praetoris
1018 3361 1174 3471 potestas
1197 3349 1259 3422 ne-

196 3474 251 3530 ret
261 3461 398 3558 ,copia
422 3457 590 3546 facta,1n
616 3471 729 3528 castra
752 3441 859 3526 venit.
884 3459 929 3525 Et
949 3456 1162 3555 principium
1184 3487 1261 3534 ora·

234 3703 257 3747 3.
269 3701 353 3748 Multis
362 3698 465 3748 millibus
475 3713 626 3748 armatorum
635 3700 705 3757 actis,
752 3698 881 3764 {elligenda
902 3717 966 3757 esse,
986 3701 1029 3750 ced
1049 3693 1079 3749 de
1094 3702 1141 3750 alia
1162 3695 1261 3772 pegioue

197 3789 226 3826 ut
235 3793 309 3843 agere
321 3793 410 3842 agmen
422 3777 545 3842 equitum:
558 3777 605 3824 nisi
616 3779 663 3840 leg.
671 3794 708 3825 co·
751 3779 841 3827 Gentio
850 3775 947 3826 addicta
955 3813 962 3838 ,
971 3779 998 3826 in
1009 3795 1083 3843 quam
1091 3773 1262 3842 Carauantius,

197 3856 274 3914 actim
284 3859 361 3904 Gron.
368 3857 444 3903 -Ex
453 3872 483 3903 ea
492 3855 589 3920 regium
599 3855 623 3902 in
633 3873 708 3920 quam
751 3873 765 3904 a
775 3857 854 3908 Caviis
864 3861 973 3905 reversus
983 3858 1021 3905 rel
1030 3870 1158 3908 revocatus
1165 3893 1173 3918 ‚
1181 3860 1213 3908 ad
1221 3877 1260 3912 co

198 3935 283 3983 missus
296 3933 440 3991 ecnubere
453 3946 536 3982 monet
548 3936 643 3983 Crever.
655 3930 708 3984 iiaec
753 3935 807 3999 pias
822 3931 858 3982 ibi
870 3935 993 4000 cogendas
1006 3953 1018 3984 a
1033 3937 1105 3986 fraus
1121 3939 1208 3988 missus
1226 3941 1262 3988 vi·

198 4031 250 4062 non
267 4013 449 4064 decantandi
463 4015 490 4061 in
508 4012 595 4062 Cavioa
606 4013 708 4079 expedi·
754 4013 833 4064 detur.
846 4009 942 4080 Agebat
953 4007 1016 4063 sorte
1027 4015 1057 4064 dc
1070 4014 1119 4064 hoc
1130 4018 1184 4067 Liv.
1196 4019 1263 4068 iniis

199 4091 277 4152 tione,
292 4094 319 4142 in
332 4109 385 4157 cap.
397 4085 505 4156 praecedi
515 4104 662 4152 minorata,
672 4094 710 4140 in·
754 4109 808 4156 quae
817 4093 863 4140 sub
872 4091 922 4142 fine
929 4110 1003 4158 prae.
1011 4111 1064 4160 cap.
1073 4097 1205 4159 perierunt.
1219 4100 1265 4148 Ea.

1067 4179 1118 4249 15.
