2966 4708
272 358 341 430 560
368 411 383 422 ι.
494 449 495 452 ,
670 363 940 454 EXCURSUS
967 415 969 422 ι

270 483 406 571 protulit
426 483 476 546 vir
499 481 534 545 in
556 483 647 571 omni
671 483 879 548 scientiarum
905 508 1024 574 genere
1047 475 1126 551 nulli
1154 480 1335 572 secundus,

269 587 353 651 Clar.
366 587 506 665 Corma,
520 605 617 670 quem
631 582 672 647 de
688 585 749 648 hac
760 607 796 648 re
812 586 990 651 rationibus
1006 585 1120 669 firmis,
1137 605 1175 652 ut
1188 589 1250 676 ipsi
1263 613 1335 654 mos

269 703 333 766 est,
345 687 554 750 disserentem
566 683 726 749 adducere
737 686 832 750 nobis
841 710 951 775 operae
961 689 1103 776 pretium
1114 689 1243 757 videtur
1256 716 1264 756 :
1276 694 1334 780 qui

244 846 249 852 .
269 786 402 876 quidem
422 786 514 850 labor
527 783 665 849 difficilis
678 786 808 851 duobus
826 788 876 874 his
893 805 1034 872 constat,
1046 791 1189 879 primum
1210 795 1334 859 collatis

267 889 468 977 optimorum
485 888 570 951 inter
581 903 704 951 veteres
717 903 890 954 auctorum
904 891 1131 978 opinionibus,
1151 893 1269 958 deinde
1285 897 1334 959 lo-

266 1009 381 1050 corum
400 987 546 1074 ipsorum
565 986 630 1051 situ
652 985 832 1076 habituque
851 1006 999 1056 accurate
1019 991 1251 1060 demonstrato.
1280 993 1335 1060 Sic·

267 1087 367 1176 igitur
383 1105 560 1174 utrumque
577 1086 810 1177 aggrediamur.

310 1191 482 1280 Polybius,
496 1191 555 1254 lib.
569 1191 620 1254 Ill
628 1239 637 1273 ,
653 1214 722 1278 cap.
740 1195 800 1279 74,
817 1191 975 1282 descripta
988 1195 1029 1259 ad
1040 1195 1189 1260 Trebiam
1204 1214 1331 1288 pugna,

266 1290 373 1372 addit,
386 1323 399 1348 ι
408 1292 525 1356 Poenos
536 1291 690 1356 imbrium
702 1290 876 1381 impeditos
893 1295 1020 1379 saevitia,
1031 1298 1187 1385 progredi
1197 1299 1332 1364 ulterius

227 1417 231 1423 ·
264 1425 277 1451 a
288 1395 484 1483 nequivisse,
507 1409 540 1458 et
549 1393 630 1458 adeo
643 1393 837 1458 intolerabili
853 1396 982 1485 frigoris
998 1398 1030 1460 vi
1045 1396 1197 1482 afflictos,
1213 1417 1252 1464 ut
1265 1401 1331 1465 ele-

264 1528 277 1553 «
289 1496 403 1584 phanti
419 1515 627 1575 omnes,uno
641 1509 790 1582 excepto,
804 1497 950 1576 jumenta
967 1520 1084 1586 magna
1096 1521 1136 1561 ex
1151 1516 1256 1588 parte,
1267 1501 1331 1564 ho-

261 1627 275 1651 ι
287 1597 413 1660 minum
433 1617 565 1684 quoque
580 1611 679 1683 atque
695 1617 857 1683 equorum
871 1596 985 1688 ingens
1002 1621 1158 1695 numerus
1176 1601 1329 1690 perierit:

262 1697 516 1785 «Sempronium
535 1717 613 1760 vero
629 1696 753 1760 misisse
764 1698 917 1779 Romam,
929 1700 988 1787 qui
1011 1701 1200 1765 nuntiarent
1217 1702 1328 1766 hieme

262 1829 275 1854 ιι
289 1797 349 1861 slbi
373 1820 391 1861 e
410 1795 560 1862 manibus
583 1813 726 1885 ereptam
747 1797 942 1865 victoriam».
965 1801 1151 1888 Pugnatum
1178 1825 1256 1892 ergo
1283 1802 1325 1866 ad

264 1901 415 1964 Trebiam
429 1900 491 1964 sub
509 1901 661 1964 autumni
678 1899 787 1964 finem.

256 2001 258 2005 ’
309 2003 473 2066 «Ineunte
494 2023 569 2066 vere
584 2032 608 2083 u,
627 1999 717 2064 addit
741 2002 913 2090 Polybius,
941 2026 1011 2091 cap.
1035 2028 1090 2093 77,
1113 2036 1126 2060 ι
1139 2023 1215 2070 cum
1236 2027 1327 2084 exer-¹

263 2104 356 2167 «citu
376 2103 410 2166 in
440 2103 592 2166 Tusciam
615 2103 780 2191 profectus
794 2104 986 2185 Flaminius,
1001 2107 1148 2170 Aretium
1164 2099 1328 2196 pervenit,

260 2235 274 2260 a
287 2203 368 2267 dum
382 2202 533 2266 Servilius
551 2225 609 2290 per
624 2200 792 2266 Umbriam
804 2203 866 2267 iter
886 2227 1002 2292 agens,
1019 2207 1127 2294 copias
1145 2209 1327 2274 Ariminum
1428 2277 1431 2282 ,

262 2335 275 2360 ι
288 2302 510 2386 traducebat.»
519 2305 640 2368 Narrat·
648 2302 747 2385 idem,
760 2327 787 2369 o.
801 2303 875 2392 78,«
885 2306 1116 2390 Hannibalem,
1131 2332 1234 2397 quum
1249 2310 1328 2375 Gal-

260 2435 273 2460 ι
283 2405 392 2468 lorum
407 2403 532 2467 animos
548 2404 609 2467 sibi
622 2398 767 2469 inferisos
784 2405 936 2487 sentiret,
952 2407 1110 2472 maturius
1127 2408 1328 2474 movendum

260 2530 325 2571 «ex
362 2505 507 2570 hibernis
532 2505 744 2586 intellexisse,
769 2522 802 2568 et
823 2507 944 2571 vocatis
969 2507 1026 2595 qui
1057 2507 1146 2572 docti
1171 2508 1326 2574 itinerum

258 2639 271 2664 «
285 2624 392 2690 erant,
409 2607 474 2699 vias
493 2629 564 2695 quae
580 2606 614 2670 in
628 2627 741 2696 agrum
758 2607 908 2672 hostilem
925 2607 1112 2692 tenderent,
1128 2611 1168 2674 ab
1185 2611 1223 2675 iis
1241 2635 1327 2699 quae·

257 2741 270 2766 ι
282 2710 391 2774 sivisse
403 2731 411 2772 ι
425 2725 553 2773 caeteras
566 2707 726 2772 audivisse
738 2725 770 2772 et
780 2707 891 2798 longas
902 2725 934 2772 et
945 2726 1038 2774 notas
1050 2709 1213 2794 hostibus;
1227 2735 1327 2775 unam

257 2843 270 2868 ι
281 2837 354 2902 quae
371 2835 430 2899 per
445 2810 579 2900 paludes
600 2811 634 2874 in
649 2811 800 2874 Tusciam
819 2808 964 2887 duceret,
992 2813 1120 2876 tametsi
1143 2811 1323 2894 difficilem,

258 2913 472 3003 «perbrevem
493 2929 620 2994 tamen,
642 2928 674 2976 et
692 2934 756 2999 qua
776 2912 813 2987 in,
836 2913 1031 2976 Flaminium
1054 2936 1115 2977 nec
1136 2914 1323 3002 opinantem

258 3015 398 3102 «reique
414 3013 556 3077 novitate
571 3012 758 3077 terrendum
774 3012 851 3077 ferri
868 3033 945 3078 cum
959 3016 1102 3079 exercitu
1118 3015 1186 3102 ipse
1197 3031 1323 3103 posset:

257 3137 388 3203 «quum
404 3115 488 3178 fama
505 3136 562 3203 per
582 3112 683 3202 ipsius
701 3129 804 3177 castra
818 3115 985 3200 sparsisset
1003 3116 1065 3178 iter
1079 3117 1220 3202 palustre
1241 3136 1326 3180 eme-

257 3248 269 3272 «
281 3214 447 3296 tiendum,
465 3231 600 3279 cunctos
616 3213 657 3278 ad
674 3212 708 3277 id
726 3213 850 3278 itineris
863 3213 1098 3302 perficiendum
1113 3237 1243 3304 segnes,
1254 3217 1324 3280 loca

260 3350 272 3374 «
284 3317 447 3408 profunda
461 3333 495 3380 et
507 3318 594 3381 lacus
613 3313 705 3379 valde
719 3314 895 3378 timuisse».

303 3419 463 3484 Describit
479 3416 596 3482 deinde
610 3416 782 3506 Polybius,
802 3439 869 3504 quo
885 3415 1000 3480 ordine
1016 3409 1133 3505 agmen
1149 3417 1324 3482 traduxerit

259 3521 439 3601 Hannibal,
452 3534 483 3583 et
494 3540 566 3607 quae
580 3517 646 3600 sui,
659 3516 769 3604 etipse
780 3516 865 3604 passi
876 3517 951 3580 sint.
965 3547 978 3571 ι
987 3515 1151 3599 Tandem,
1162 3517 1207 3580 ait
1221 3515 1323 3598 idem,

257 3622 457 3711 «superatis,
475 3637 592 3707 praeter
605 3618 753 3682 omniurn
770 3618 979 3706 opinionem,
998 3616 1191 3708 paludibus,
1219 3639 1323 3705 quum

258 3756 271 3780 «
282 3740 406 3788 certum
416 3745 475 3811 per
486 3722 703 3808 exploratores
716 3719 902 3800 habuisset,
915 3718 1110 3783 Flaminium
1127 3719 1210 3783 circa
1222 3718 1323 3783 Aretii

257 3857 270 3881 ιι
284 3825 400 3889 moenia
416 3845 503 3899 esse,
528 3839 629 3886 castra
647 3837 777 3909 propter
792 3822 876 3908 ipsas
892 3818 1025 3908 paludes
1044 3820 1078 3885 in
1094 3819 1180 3883 sicco
1191 3819 1320 3908 posuit,

257 3958 269 3981 ι
284 3927 400 4014 partim
413 3941 450 3988 ut
466 3926 585 3988 fessum
599 3938 648 3986 tot
661 3919 826 3985 laboribus
840 3921 1016 3984 exercitum
1031 3917 1192 4002 reficeret,
1204 3919 1323 4006 partim

256 4057 269 4082 ι
285 4042 320 4089 ιιι
332 4027 465 4089 consilia
479 4041 511 4088 et
528 4025 610 4088 vives
628 4023 789 4105 hostium,
811 4038 843 4086 et
860 4021 1000 4110 regionis
1020 4020 1136 4112 situm,
1160 4037 1192 4084 et
1208 4020 1323 4085 itinera

255 4159 268 4182 »
280 4141 486 4191 scrutaretur.
498 4126 674 4214 Postquam
685 4147 762 4188 vero
778 4139 981 4211 compertum
991 4120 1124 4202 habuit,
1136 4119 1323 4208 eam'regio·
