2970 4712
197 438 318 545 3:332:
428 460 576 526 arnan
608 459 717 527 xev.
746 459 848 527 oar.
876 460 957 526 xv.
1156 484 1220 554 291

170 580 307 674 queuni
319 577 433 671 major
446 601 490 648 ex
504 579 594 672 SCto
610 590 702 647 esset
711 586 736 645 ².
751 581 836 662 Eos,
855 575 918 646 ubi
932 580 1097 673 proximo
1112 580 1226 651 lustro

170 689 267 760 censi
288 701 422 772 esseut,
444 689 580 758 censeri
592 686 796 780 jusserunt3
815 701 853 756 et
868 711 949 776 cos,
972 689 1034 783 qui
1054 691 1226 786 praedium

172 897 210 927 res
224 882 257 927 ita
271 890 362 927 servata
378 878 459 927 inisse.
474 880 512 925 De
527 879 607 949 primo
624 879 680 927 satis
723 877 756 924 ris
771 877 903 925 sestertium
919 878 1020 944 triginta
1040 879 1139 927 millium
1156 880 1228 929 habe-

172 969 267 1006 constat
284 974 315 1005 ex
328 967 385 1004 nota
404 960 420 1004 6
437 957 468 1004 ad
485 957 549 1020 Epit.
566 956 610 1004 lib.
621 959 680 1006 XX.
722 966 791 1014 rent,
802 955 899 1017 attinet,
913 957 969 1020 quin
987 957 1017 1005 de
1032 958 1070 1006 bis
1085 974 1135 1006 non
1148 959 1227 1017 idem,

170 1039 209 1086 De
226 1035 323 1086 dnobus
334 1035 386 1085 aliis
402 1051 477 1084 unum
491 1046 601 1100 superest
614 1035 679 1084 testi·
722 1034 790 1098 quod
800 1034 830 1084 ds
839 1034 973 1094 libertinis,
985 1037 1074 1098 quibus
1083 1035 1148 1086 iilius
1159 1039 1229 1100 quin·

171 1116 284 1163 monium
293 1115 365 1175 hujus
372 1114 422 1162 loci
429 1148 437 1174 ,
445 1114 487 1176 qui
497 1114 529 1161 ob
539 1113 681 1162 brevitatem
722 1113 813 1175 quenffi
823 1114 900 1175 major
912 1125 987 1174 esset,
1000 1115 1101 1175 dicitur,
1113 1118 1230 1165 incertius

172 1194 358 1242 obscurissimus
376 1203 419 1240 est.
437 1195 474 1239 Ex
487 1209 516 1239 eo
532 1208 564 1240 ne
583 1189 681 1255 quidem
722 1201 770 1250 est,
785 1191 883 1254 quando
900 1190 945 1240 hos
960 1193 1071 1241 censendi
1085 1195 1125 1253 jus
1140 1195 1229 1243 factum

172 1273 263 1335 liquet,
281 1283 364 1320 utrum
384 1269 436 1318 haec
456 1269 540 1318 eodem
559 1281 680 1334 tempore,
722 1269 803 1318 fuerit.
822 1270 883 1317 Nam
900 1271 966 1334 quod
982 1272 1059 1320 Periz.
1076 1271 1102 1318 in
1120 1273 1185 1320 Diss.
1200 1273 1229 1322 de

172 1366 224 1414 quo
235 1350 344 1412 libertini
355 1360 479 1412 postremo
489 1349 516 1396 in
527 1349 605 1396 tribus
613 1349 681 1396 urba-
722 1347 774 1412 lege
784 1349 910 1408 Voconia,
919 1365 974 1413 pag.
987 1352 1048 1413 169,
1057 1350 1084 1397 id
1094 1352 1196 1401 Claudio
1206 1364 1230 1401 et

172 1429 398 1486 nsarc'dsctisunt,
411 1427 512 1490 quoda.
524 1428 586 1476 Urb.
598 1428 680 1484 usna
722 1427 833 1475 Graccho
853 1429 994 1482 censoribus
1016 1431 1106 1478 iactum
1131 1432 1230 1493 scribit,

173 1515 203 1560 1..
213 1509 317 1558 AErniiiu
331 1519 355 1556 et
367 1510 395 1557 C.
409 1508 528 1558 Flaminio
540 1505 681 1554 censoribus
722 1521 807 1568 parum
829 1506 957 1570 probabile
973 1521 1020 1557 est.
1040 1510 1146 1556 Ptimum
1166 1511 1230 1557 enirn

174 1590 265 1638 iactum
275 1599 327 1646 est,
340 1605 371 1635 nn
384 1599 454 1646 autc,
464 1603 496 1634 an
509 1586 612 1649 denique
625 1597 682 1649 post
723 1584 796 1632 verba
816 1586 879 1632 Livii
898 1585 944 1633 boc
963 1603 1038 1652 quum
1054 1589 1090 1635 ita
1112 1577 1231 1636 servaturis

174 1657 260 1716 cornui
279 1682 403 1714 censuram
431 1667 561 1716 constituta
585 1665 681 1712 suerint.
724 1674 784 1709 esset
794 1662 855 1710 nihil
865 1681 1025 1728 corum‚quae
1034 1677 1089 1714 ante
1099 1667 1130 1714 de
1139 1667 1231 1714 liberti·

174 1745 300 1808 Sigonius,
311 1745 342 1793 de
352 1747 411 1794 Ant.
425 1747 478 1793 Jur.
488 1745 541 1794 Cir.
558 1746 629 1791 Rom.
643 1746 681 1802 11,
723 1741 761 1786 nis
780 1740 890 1800 dixerat,
907 1741 938 1789 ad
955 1745 1043 1794 horum
1059 1761 1183 1792 masuram
1200 1762 1232 1792 re

178 1833 225 1881 ιι,
237 1824 333 1882 scribit,
351 1840 378 1871 ea
389 1835 446 1887 post
459 1822 505 1870 bos
522 1839 632 1870 censores
649 1822 682 1869 ita
724 1819 780 1866 ierri
791 1821 926 1884 patiuntur.
942 1823 1036 1870 Deinde
1049 1840 1100 1872 non
1112 1823 1181 1871 valde
1191 1841 1232 1870 ve·

174 1903 301 1970 inmutata
317 1903 399 1950 fuisse.
413 1903 461 1950 Sed
475 1901 523 1948 hoe
535 1901 604 1948 nullo
615 1912 682 1952 curto
724 1897 822 1946 sisimile
842 1909 890 1957 est,
906 1901 1057 1959 Gracchum,
1073 1901 1115 1965 qui
1127 1902 1232 1966 primurn

174 1991 317 2044 argumento
328 1981 428 2044 probari
439 1991 529 2044 potest.
539 1981 603 2028 Num
616 1979 682 2042 qnod
725 1991 810 2026 omnes
833 1977 962 2028 libertinos
983 1980 1097 2028 omnibus
1120 1980 1232 2027 tribubus

175 2059 284 2108 libertini
292 2058 322 2106 ab
331 2058 369 2106 his
380 2059 407 2107 in
416 2070 520 2122 quatuor
528 2058 605 2105 tribus
616 2058 684 2105 urba·
724 2056 814 2120 pellere
826 2056 977 2118 decreverat,
987 2075 1062 2121 quum
1075 2059 1233 2118 obtinuisset,

176 2153 220 2186 nas
238 2137 327 2185 redacti
348 2137 573 2198 dicuntur,'idnon
587 2153 684 2186 necesse
725 2147 753 2183 ut
772 2151 856 2183 omnes
872 2137 899 2182 in
919 2153 991 2184 unam
1009 2139 1099 2185 tribum
1119 2137 1233 2185 urbanam

176 2226 214 2265 ast
224 2215 253 2263 de
263 2216 433 2266 omuibussinc
443 2217 586 2278 exceptione
593 2217 683 2280 rccipir
726 2216 919 2276 conjicerentur,
930 2216 956 2262 in
966 2231 1048 2263 eorum
1057 2231 1182 2264 numerum
1193 2230 1234 2264 eos

177 2311 254 2357 quum
276 2285 337 2344 nihil
356 2295 451 2354 obstet,
470 2281 606 2358 quominus¹
620 2306 644 2344 et
659 2296 685 2342 in
726 2295 832 2358 recipere
845 2295 965 2352 voluisse,
979 2295 1087 2358 quiante
1099 2296 1126 2342 id
1140 2307 1234 2360 ternpus

177 2389 263 2420 eorum
276 2389 375 2421 censura
393 2386 418 2421 et
430 2386 486 2422 ante
500 2391 551 2422 eam
566 2375 686 2422 libertinis
726 2387 849 2435 nunquam
864 2373 1065 2421 remisserunt„
1077 2373 1150 2422 Conf.
1163 2375 1194 2433 ad
1208 2378 1236 2433 1,

179 2452 304 2500 nonnullis
314 2452 406 2516 aliquirl
417 2453 528 2501 beneficii
537 2471 551 2501 a
560 2454 685 2518 republica
729 2453 773 2508 63;
789 2453 882 2508 XXII,
896 2465 927 2512 93
942 2451 1037 2510 XLVI,
1054 2463 1084 2510 14
1104 2441 1128 2501 et
1145 2456 1188 2512 183
1202 2453 1233 2500 ad

179 2530 253 2578 tribui
264 2533 379 2594 potuerit.
393 2535 507 2582 Praeterea
520 2534 556 2588 si,
567 2533 634 2596 quod
647 2533 686 2580 Li·
728 2529 795 2593 Epis.
809 2532 874 2584 XX,
886 2531 912 2586 6,
925 2541 948 2576 et
959 2533 1094 2593 LXXVH,
1111 2535 1233 2596 131ntpp.

179 2609 232 2658 vius
243 2609 301 2658 dicit
309 2645 315 2666 ,
323 2609 445 2659 libertinos
455 2611 480 2659 in
493 2623 598 2674 quatuor
612 2611 686 2658 tribus
727 2608 782 2656 vat.
792 2611 859 2656 Max.
869 2609 914 2666 VI,
928 2609 951 2663 5,
967 2608 983 2672 §
998 2610 1029 2666 3;
1041 2612 1124 2673 Sigon.
1136 2611 1165 2656 de
1175 2613 1235 2657 Ant.

181 2686 288 2737 urbanos
295 2689 425 2752 descriptos
432 2689 549 2747 tuissent
558 2705 571 2736 a
581 2692 608 2738 L.
617 2691 687 2740 AEmi.
727 2687 780 2734 Jur.
792 2686 846 2734 civ.
859 2689 931 2734 Rom.
943 2689 970 2743 1,
980 2687 1007 2742 3,
1018 2690 1055 2742 11,
1071 2695 1116 2746 ¹43
1130 2689 1198 2751 Pigh.
1208 2689 1233 2734 in

180 2765 214 2814 lio
233 2778 257 2815 et
272 2768 300 2816 C.
316 2768 433 2815 Flaminio
446 2767 586 2816 censoribus
597 2770 686 2815 facturn
728 2767 793 2811 Anu.
808 2764 839 2811 ad
850 2781 871 2811 a.
888 2764 937 2822 584
950 2776 974 2812 et
990 2765 1053 2812 585.-

180 2856 227 2902 est,
242 2858 268 2894 ut
280 2856 345 2894 recte
356 2857 426 2910 putat
439 2847 564 2909 Sigonius,
574 2847 686 2909 exceptio
764 2859 788 2889 a.
803 2845 897 2889 Praeter
911 2859 966 2898 eos,
986 2843 1147 2910 qnibnsfilins
1166 2845 1234 2907 quin-

180 2923 261 2973 addita
279 2935 361 2987 aperte
376 2925 535 2981 demonstrat,
546 2923 687 2980 libertinos,
728 2921 819 2984 quennr'
836 2921 916 2982 major
933 2937 965 2966 ex
982 2922 1042 2968 SCto
1062 2933 1139 2968 essct:
1151 2939 1163 2962 a
1173 2923 1237 2970 Hinc

181 3002 266 3065 quibus
275 3002 346 3068 filius
363 3002 513 3065 quinquenni
524 3002 604 3065 major
616 3013 681 3056 crus,
728 3003 824 3047 Manus.
835 2999 865 3045 de
875 2999 1010 3048 Civ.·Rom.
1019 3017 1044 3064 p.
1056 3017 1100 3062 19,
1110 3012 1133 3048 et
1141 3001 1234 3049 Grucb.

181 3080 212 3130 ub
227 3080 265 3128 his
281 3081 307 3126 in
323 3080 400 3127 tribus
417 3079 519 3127 urbanas
534 3095 584 3126 non
597 3079 686 3126 descri-
730 3077 760 3124 de
779 3079 848 3126 Com.
863 3079 935 3124 nom.
946 3080 983 3133 ΙΙ,
1001 3086 1031 3134 4,
1045 3095 1070 3142 p.
1090 3081 1154 3136 682,
1171 3091 1235 3128 reete

182 3169 238 3220 ptos
252 3158 332 3207 fuisse.
346 3157 420 3220 Quod
436 3158 527 3221 siquis
540 3169 644 3221 quaerat,
659 3158 686 3203 in
730 3157 879 3219 conjiciunt,
897 3156 943 3202 hos
956 3158 982 3202 in
996 3157 1108 3204 tribubus
1126 3159 1235 3215 rusticis,

159 3229 161 3232 ⁵
183 3236 270 3298 quibus
283 3251 341 3299 ergo
355 3236 467 3284 tribubus
479 3236 549 3284 abiis
560 3238 626 3283 censi
637 3237 688 3282 iue—
731 3251 782 3282 non
795 3237 822 3281 in
837 3235 950 3292 urbanis,
963 3249 1047 3284 censos
1065 3237 1146 3284 baisse.
1165 3237 1237 3284 Credi

183 3315 251 3364 rint?
263 3314 421 3379 respondebit
434 3317 487 3380 ipse
502 3315 597 3372 Livius,
609 3316 688 3376 jussus
732 3325 827 3377 potest,
840 3331 915 3376 quum
933 3325 1002 3371 ante,
1020 3327 1046 3363 ut
1060 3316 1100 3363 alii
1116 3308 1236 3378 tibenin,

183 3393 257 3442 inisse
265 3395 370 3453 censeri,
380 3395 422 3441 ubi
427 3394 542 3459 pmnimo
552 3396 627 3442 lustro
637 3407 688 3440 cen·
732 3393 759 3438 in
768 3409 814 3439 una
824 3409 837 3438 e
846 3403 951 3454 quatuor
959 3393 1070 3440 tribubus
1078 3394 1177 3443 urbanis
1185 3411 1238 3442 cen·

128 3477 132 3484 '
183 3471 403 3528 siessent,i.e.in
411 3472 688 3536 aliquaenibubusru-
731 3481 852 3527 serentur,
877 3470 965 3518 deinde
989 3469 1019 3518 iis
1048 3472 1168 3534 beneficio
1193 3472 1239 3536 filit

184 3551 262 3598 sticis:
272 3565 327 3600 usur
339 3563 427 3615 prsetee
437 3551 540 3598 urbanas
552 3564 577 3600 et
588 3551 688 3599 rusticas
731 3550 894 3612 quinquennis
913 3549 995 3597 alatum
1009 3552 1096 3609 fuisse,
1109 3563 1136 3600 ut
1150 3569 1180 3600 ex
1194 3555 1236 3602 tri-

185 3629 238 3679 aliae
246 3639 382 3676 nouerant.
395 3631 416 3676 E
427 3630 516 3690 quibus
526 3630 605 3677 verbis
618 3629 688 3677 simul
731 3628 812 3675 bubus
822 3629 922 3676 urbanis
931 3629 1117 3692 ignobilioribus
1129 3632 1154 3678 in
1166 3634 1238 3679 rusti·

186 3718 270 3770 petet,
283 3705 438 3765 taliamento
453 3705 499 3754 hos
513 3723 623 3754 censores
636 3707 689 3754 aliis
732 3721 772 3753 cas
792 3707 960 3774 honoratiores
984 3711 1175 3758 transferrentur.
1201 3713 1238 3758 ita

187 3785 268 3832 datum
279 3783 359 3832 fuisse.
372 3785 435 3830 Nam
445 3799 519 3846 quum
528 3801 568 3842 ea,
578 3786 598 3831 si
608 3786 639 3832 ad
647 3785 690 3832 bo·
733 3785 814 3846 Cujsc.
823 3786 853 3833 ad
862 3787 878 3833 l.
891 3796 950 3848 194,
958 3791 988 3836 D.
999 3787 1030 3835 de
1039 3789 1071 3836 U.
1080 3784 1106 3836 S.
1118 3789 1235 3837 Caeterunr·

186 3877 239 3914 rum
249 3875 374 3912 censuram
385 3875 436 3908 nou
447 3862 590 3918 referuntur,
599 3862 690 3910 nullam
706 3901 711 3912 .
733 3865 858 3912 Manutius
875 3875 899 3911 et
916 3865 999 3928 Sigon.
1018 3866 1070 3912 haec
1096 3867 1129 3914 ita
1151 3869 1240 3917 citant:

187 3941 247 3990 certi
263 3939 378 4002 temporis
390 3948 473 3986 nutam
487 3940 625 3988 contineant
635 3973 641 3998 ,
653 3957 691 3988 ne-
734 3941 819 4004 quibus
825 3943 897 4010 filius
914 3943 1064 4007 quinquenni
1078 3946 1158 4010 major
1172 3953 1239 3994 esset.

188 4036 228 4068 roo
243 4017 376 4067 divinando
395 4018 489 4080 assequi
503 4028 596 4081 potest,
612 4019 690 4082 quoda
710 4073 711 4076 Ἴ
734 4022 775 4067 Ex
790 4021 851 4068 soso
863 4037 916 4078 eos,
931 4023 981 4081 nbi,
997 4025 1043 4072 etc'.
1062 4018 1117 4071 Hoc
1129 4025 1239 4073 conside·

188 4115 243 4149 uuus
249 4095 424 4160 sitprooeiururn
432 4095 494 4144 illud
503 4097 608 4145 lustrum.
617 4098 691 4159 Quod
734 4099 835 4146 randum
847 4100 958 4149 arbitror.
969 4105 1054 4166 Inepte
1062 4105 1145 4152 saltem
1152 4105 1240 4168 aliquia
1300 4153 1303 4159 ,

188 4177 219 4224 ad
229 4177 368 4232 libertinos,
382 4176 423 4237 qni
432 4174 529 4237 praedia
540 4177 629 4224 rustica
639 4177 692 4240 pias·
736 4193 767 4224 ex
779 4177 839 4226 sero
853 4175 929 4227 filiurn
944 4179 1030 4229 habere
1043 4180 1131 4230 dicitur
1141 4205 1165 4232 s.
1177 4183 1241 4233 out.

948 4300 949 4303 ’
1012 4293 1069 4364 19.
