2970 4712
264 413 335 484 306
696 405 734 471 T.
769 402 908 476 stvu
1187 381 1308 484 atta:

262 535 410 612 Rhodiis
436 528 568 602 bellum
593 523 828 610 indiceretur,
849 538 885 592 et
904 545 952 592 eu
972 522 1244 618 magistratibus
1261 526 1334 617 elin

261 656 351 723 anni
364 643 576 739 deligerent,
595 642 663 733 qui
679 633 732 704 ud
747 634 788 705 id
803 632 934 705 bellum
952 657 1034 702 cum
1051 630 1165 707 classe
1181 639 1334 706 mittere-

262 779 330 848 tur,
347 782 386 829 se
403 775 486 826 eum
502 769 650 847 sperans
666 743 831 816 futurum
846 765 935 816 esse.
951 743 1044 814 Huic
1057 745 1191 816 actioni
1204 748 1252 816 Μ.
1269 749 1333 816 An-

261 874 384 946 tonius
399 880 435 937 et
448 868 496 935 Μ.
514 857 737 955 Pomponius
755 854 892 926 tribuni
908 852 1026 953 plebis
1041 853 1331 927 adversabantur.

259 977 332 1052 Sed
350 989 387 1046 et
406 986 539 1073 praetor
563 991 661 1038 novo
682 964 853 1061 maloque
871 965 1040 1062 exemplo
1058 989 1136 1037 rem
1154 967 1334 1064 ingressus

260 1103 357 1174 erat,
376 1081 499 1182 quod,
521 1091 604 1149 ante
624 1099 699 1145 non
718 1074 886 1147 consulto
905 1087 1055 1163 senatu,
1078 1101 1152 1146 non
1177 1077 1333 1149 consuli·

259 1201 330 1272 bus
346 1188 562 1268 certioribus
580 1185 702 1272 factis,
722 1184 847 1256 desua
863 1187 972 1257 unius
988 1188 1167 1258 sententia
1181 1189 1333 1285 'rogatio

260 1333 345 1381 nem
370 1304 503 1388 fe'rret,
526 1296 666 1368 Vellent
674 1295 891 1390 juberentur
905 1306 930 1380 ¹,
951 1295 1105 1368 Rhodiis
1126 1295 1259 1368 bellum
1277 1306 1331 1369 in-

260 1420 356 1492 dici?
374 1436 489 1514 quum
510 1423 615 1480 antea
634 1429 778 1504 semper
795 1407 899 1503 prius¹
911 1421 1057 1478 senatus
1072 1407 1119 1479 de
1134 1407 1233 1479 bello
1247 1432 1332 1481 con-

261 1519 377 1605 sultus
403 1538 517 1610 esset,
542 1515 674 1589 deinde
699 1514 745 1586 ad
769 1515 948 1613 populum
975 1517 1111 1604 latum;
1137 1531 1173 1588 et
1199 1517 1333 1589 tribuni

260 1640 398 1742 plebis,
422 1655 537 1734 quum
562 1631 611 1700 ita
633 1626 807 1698 traditum
826 1641 939 1716 esset,
964 1652 1010 1698 ne
1030 1627 1138 1725 quis‘
1158 1630 1259 1726 prius
1280 1628 1332 1698 iu·

259 1749 463 1825 tercederet
484 1741 575 1838 legi,
597 1761 706 1836 quam
724 1737 871 1834 privatis
884 1735 1064 1808 suadendi
1084 1737 1332 1810 dissuadendi-

261 1886 335 1961 que
360 1858 478 1955 legem
501 1862 661 1950 potestas
682 1845 775 1918 facta
795 1862 908 1935 esset,
935 1871 1054 1944 eoque
1072 1871 1232 1946 persaepe
1250 1873 1332 1920 eve·

260 1976 394 2057 nisset,
413 1978 476 2052 ut,
498 1961 659 2058 quinon
680 1955 833 2056 professi
854 1973 973 2030 essent
994 1982 1032 2029 se
1053 1959 1332 2048 intercessuros,

260 2073 519 2155 animadversis
546 2068 643 2140 vitiis
669 2067 758 2164 legis
787 2090 831 2138 ex
860 2069 1000 2139 ratione
1027 2067 1331 2158 dissuadentium,

260 2184 548 2267 intercederent,
568 2192 623 2265 et,
648 2179 713 2275 qni
737 2177 783 2248 ad
807 2176 1107 2250 intercedendum
1126 2182 1331 2268 venissent,

264 2300 498 2380 desisterent,
523 2289 610 2359 victi
642 2286 917 2359 auctoritatibus
948 2287 1178 2360 suadentium
1205 2290 1331 2388 legem.

261 2417 353 2482 Tum
369 2409 465 2477 inter
481 2414 672 2501 praetorem
687 2397 931 2496 tribunosque
944 2400 1068 2470 omnia
1082 2401 1332 2498 intempestive

261 2517 393 2620 agendi
411 2529 594 2587 certamen
611 2525 696 2580 erat.
715 2508 869 2580 Tribuni
887 2507 1156 2582 festinationem
1171 2513 1333 2609 praetoris

153 2644 160 2654 “
263 2647 347 2703 ante
366 2641 512 2724 tempus
531 2615 826 2708 intercedendo,
841 2625 962 2716 [quum
987 2627 1199 2711 damnarent,
1228 2630 1331 2694 imita-

263 2745 394 2808 bantur.
442 2738 514 2801 Hoc
544 2749 655 2796 tamen
684 2729 909 2795 intercessioni
940 2751 1010 2805 suae
1047 2730 1329 2819 praetendcbant,]

263 2849 301 2916 in
319 2843 514 2914 adventum
531 2837 600 2906 im·
625 2838 795 2929 [paratoria
818 2853 851 2901 et
873 2837 985 2903 decem
1006 2838 1187 2926 legatorum
1208 2861 1248 2904 ex
1264 2839 1332 2903 Ma·

263 2951 417 3032 eodonis,
443 2947 517 3036 qui,
547 2966 583 3007 re
599 2939 845 3030 diligentissime
870 2961 910 3003 ex
939 2939 1038 3003 literis
1061 2939 1246 3028 tabulisque
1262 2962 1331 3029 per·

264 3075 384 3144 pensa,
412 3063 501 3113 certo
530 3042 705 3108 indicaturi
733 3055 859 3122 esseut,
890 3061 957 3127 quo
990 3061 1127 3128 quaeque
1160 3041 1271 3106 civitas
1298 3043 1331 3105 in

298 3225 365 3276 Cer.
386 3221 459 3270 xxt.
476 3233 498 3268 1.
513 3217 606 3266 Vellent
617 3213 774 3280 juberentne,
822 3214 1022 3263 adversabantur.
1038 3217 1093 3264 Hoc
1114 3213 1213 3278 (pridem
1230 3214 1332 3278 intelligi

264 3302 483 3371 ionejuberentve.
494 3325 529 3336 -
539 3298 618 3360 Quum
632 3305 707 3343 antea
716 3310 777 3342 seru·
821 3306 918 3360 potest,
928 3309 974 3342 nec
986 3305 1065 3342 temen
1074 3311 1143 3344 exea
1153 3294 1212 3343 s'atis
1220 3305 1331 3360 apparet,

262 3403 308 3453 per
322 3381 392 3449 prius
404 3390 502 3428 senatus
519 3377 551 3424 de
564 3375 626 3424 bello
638 3374 774 3431 consuitur,
821 3373 911 3438 inquo
926 3374 999 3424 situm
1014 3376 1100 3434 tuerit,
1112 3373 1182 3440 quod
1194 3374 1287 3422 tribuni
1298 3373 1331 3440 pl.

264 3477 312 3515 etc.
322 3460 378 3511 vide
388 3458 419 3507 ad
431 3460 506 3516 xm,
520 3471 543 3515 1,
553 3472 580 3505 n.
592 3457 616 3503 3.
819 3455 855 3502 ita
871 3454 1077 3502 adversabantur:
1089 3452 1157 3518 quod
1172 3453 1226 3502 sine
1237 3453 1333 3518 supple

300 3560 324 3591 a.
334 3543 368 3588 Et
380 3536 472 3588 tribuni
479 3535 573 3601 plebis,
589 3551 663 3600 quum
679 3531 716 3580 ita
725 3541 776 3580 tra-
819 3542 904 3580 mento
914 3533 997 3598 aliquo
1009 3533 1054 3580 vix
1065 3531 1170 3597 intelligi
1178 3543 1274 3598 poteet;
1285 3535 1333 3580 Dn-

264 3624 343 3674 ditum
355 3629 429 3675 esset,
441 3615 551 3681 nequis,
564 3625 610 3663 etc.
620 3613 671 3662 vid.
681 3610 776 3661 orech.
819 3611 872 3661 lter.
893 3639 929 3648 -
948 3613 991 3660 Ee
1008 3611 1107 3666 ratione
1125 3611 1331 3667 dissuadentium,

265 3704 296 3751 de
314 3703 384 3768 Copr.
401 3698 555 3758 Rom.1,4‚
572 3709 628 3758 pag.
648 3693 706 3755 597.
718 3693 777 3738 Post
820 3691 875 3754 lege
894 3705 927 3738 en
946 3689 1099 3747 rationibus,
1114 3690 1154 3738 vel
1174 3692 1256 3755 potius
1277 3705 1332 3737 cunr

264 3779 356 3831 tribuni
369 3778 408 3842 pt.
420 3774 546 3834 ‚excidisse
561 3789 641 3850 panca
663 3771 689 3818 in
713 3770 777 3817 banc
821 3772 900 3820 Gron.
911 3769 1332 3834 exorationerlirals.-Doering.

263 3857 408 3918 sententiam
424 3853 505 3920 quod,
524 3864 582 3900 aute
599 3867 674 3917 quam
684 3848 779 3914 privati
821 3866 881 3899 vero
892 3850 988 3898 ratione
1003 3849 1111 3914 positum
1126 3863 1178 3897 esse
1189 3849 1224 3897 ait
1234 3863 1281 3914 pro
1292 3865 1332 3895 ra·

263 3939 294 3988 de
309 3940 359 4004 lege
376 3935 497 3990 dicamne,
517 3931 565 3997 legi
579 3930 627 3995 ipsi
644 3928 776 3978 intercede·
821 3929 943 3987 tionibus,
956 3941 980 3977 et
992 3929 1077 3978 melius
1088 3927 1248 3977 animadverti
1261 3944 1333 3992 posse

171 4001 173 4005 ’
263 4029 332 4075 rent,
341 4013 510 4079 suspicabatur
519 4009 602 4074 Sigon.
612 4012 704 4058 Contra
714 4007 776 4055 Gro
819 4019 889 4074 putat
898 4009 957 4056 vitia
967 4008 1026 4072 legis
1036 4023 1068 4056 ex
1081 4006 1160 4055 allatis
1172 4007 1310 4055 rationibus
1319 4022 1333 4052 a

262 4113 325 4144 nov.
343 4109 375 4142 ex
397 4088 518 4156 praecedd.
540 4087 691 4150 intelligebat
713 4079 774 4134 uov'o
820 4087 1033 4145 dissuadentibus,
1044 4102 1117 4150 quam
1132 4101 1163 4136 ex
1177 4101 1263 4135 eornm
1278 4103 1334 4134 ora·

261 4175 376 4238 maioque
405 4168 515 4232 exemplo
544 4163 775 4232 actioui'praetoris
814 4167 935 4216 tionibus.
948 4168 992 4214 En.
