2976 4712
655 350 896 420 EPITOMAE

471 560 699 630 nruoun
731 560 870 642 mum
903 527 1075 627 xn'vrn.

294 737 464 805 Lustrum
480 760 501 808 a
515 737 724 812 censoribus
739 735 927 808 conditum
944 749 1008 807 est.
1028 740 1143 807 Censa
1159 748 1245 818 sunt
1262 736 1309 806 ci-

245 845 345 914 vium
369 847 485 943 capita
509 861 670 920 trecenta
694 847 820 945 viginti
842 860 999 944 quatuor
1022 844 1143 916 millia.
1166 845 1310 916 Semina

245 953 343 1022 tertii
368 951 456 1025 belli
479 958 604 1032 Punici
629 955 847 1029 referuntur.
871 959 993 1046 Quum
1012 955 1051 1024 in
1071 951 1208 1025 finibus
1225 958 1311 1026 Car·

246 1061 523 1159 thaginiensium
557 1067 686 1165 ingens
717 1065 953 1137 Numidarum
984 1059 1185 1147 exercitus,
1217 1060 1310 1133 duce

246 1169 507 1262 Ariobarzane,
521 1175 692 1274 Syphacis
706 1188 855 1273 nepote,
869 1173 1052 1246 diceretur
1062 1175 1214 1261 esse,M.
1225 1175 1310 1242 Por·

247 1281 324 1352 cius
346 1283 434 1354 Cato
454 1287 583 1375 suasit,
609 1302 652 1358 ut
675 1282 1055 1381 Carthaginiensibus,
1071 1307 1186 1380 quum
1205 1282 1311 1353 Ario·

247 1389 459 1481 barzanem,
486 1397 604 1492 specie
630 1409 756 1467 contra
780 1394 1001 1464 Masinissam
1025 1415 1166 1489 regem,
1188 1389 1251 1463 sed
1269 1413 1311 1461 re

247 1523 331 1572 vera
350 1517 476 1573 contra
499 1508 701 1594 Romanos,
722 1504 876 1576 accitum
900 1504 938 1572 in
961 1500 1096 1573 finibus
1114 1499 1311 1587 haberent,

247 1609 386 1682 bellum
399 1612 629 1687 indiceretur.
645 1613 922 1687 Contradicente
934 1616 972 1682 P.
985 1611 1155 1683 Cornelio
1165 1611 1310 1696 Nasica,

148 1729 151 1734 '
247 1720 402 1818 placuit,
426 1721 561 1821 legatos
583 1726 677 1796 mitti
699 1723 972 1821 Carthaginem,
998 1721 1063 1817 qui
1086 1719 1312 1817 specularen-

248 1844 319 1917 tur,
330 1831 419 1929 quid
432 1849 606 1931 ageretur.
619 1835 798 1931 Castigato
810 1847 937 1904 senatu
950 1829 1311 1926 Carthaginiensium,

248 1940 350 2036 quod
368 1957 494 2015 contra
514 1943 634 2017 foedus
655 1959 692 2016 et
711 1945 908 2015 exercitum
933 1955 969 2012 et
988 1938 1131 2010 navales
1146 1937 1313 2008 materias

248 2048 442 2140 haberent,
462 2077 588 2151 pacem
612 2056 708 2126 inter
729 2077 791 2125 eos
811 2066 847 2122 et
867 2051 1088 2122 Masinissam
1110 2045 1229 2118 facere
1247 2069 1313 2116 vo-

248 2159 412 2250 luerunt,
429 2165 612 2235 Masinissa
629 2186 732 2260 agro,
743 2160 796 2255 de
810 2184 886 2258 quo
900 2159 943 2230 lis
958 2172 1052 2244 erat,
1066 2150 1226 2227 cedente.
1244 2152 1313 2224 Sed

250 2269 381 2368 Gisg0,
404 2272 612 2345 Hamilcaris
633 2271 750 2358 filius,
771 2271 884 2342 homo
907 2267 1116 2354 seditiosus,
1138 2264 1203 2360 qui
1226 2263 1313 2333 tunc

250 2381 288 2448 in
299 2382 507 2478 magistratu
520 2399 610 2470 erat,
623 2406 736 2480 quum
756 2395 900 2454 senatus
913 2377 1114 2475 pariturum
1129 2371 1313 2467 sejudicio

250 2488 374 2586 legatis
400 2489 567 2579 dixisset,
591 2495 641 2564 ita
667 2491 804 2563 bellurn
831 2495 1001 2561 adversus
1027 2492 1210 2558 Romanos
1234 2506 1313 2553 sua·

252 2598 373 2671 (leudo
391 2601 604 2690 concitavit,
620 2619 662 2674 ut
678 2603 834 2700 legatos,
853 2624 928 2697 quo
946 2598 1066 2668 minus
1085 2595 1315 2676 violarentur,

250 2708 334 2808 fuga
353 2712 572 2810 explicuerit
584 2726 607 2783 ¹.
636 2712 678 2784 Id
699 2713 909 2782 nuntiantes
928 2705 1098 2778 infestum
1117 2703 1191 2798 jam
1212 2723 1315 2772 sena-

251 2835 330 2892 tum
353 2821 707 2920 Carthaginiensibus
724 2818 947 2924 infestiorem
967 2815 1142 2887 feceruut.
1166 2817 1214 2883 M.
1231 2814 1316 2881 Por-

252 2933 330 3003 cius
345 2935 435 3005 Cato
451 2931 536 3020 filii,
552 2935 589 3004 in
606 2947 759 3032 praetura
773 2929 942 3013 mortui²,
959 2923 1069 2997 sunus
1086 2920 1315 3001 tenuissimo,

253 3055 295 3110 ut
305 3041 435 3130 valuit,
456 3068 538 3114 nam
553 3067 691 3140 pauper
705 3054 799 3126 erat,
814 3052 962 3134 sumptu
984 3033 1082 3106 fecit.
1102 3028 1315 3114 Andriscus,

135 3226 139 3232 ,
253 3151 317 3246 qui
349 3175 387 3223 se
418 3154 536 3225 Persei
566 3151 703 3239 filium,
732 3151 826 3248 regis
856 3144 1041 3245 quondam
1073 3140 1314 3222 Macedoniae,

252 3261 388 3358 ingenti
422 3262 689 3334 adseveratione
722 3259 957 3345 mentiretur,
992 3259 1143 3325 Romam
1176 3251 1315 3318 missus.

253 3373 300 3439 M.
321 3371 480 3444 AEmilius
501 3371 680 3470 Lepidus,
700 3373 763 3468 qui
788 3368 956 3467 princeps
975 3376 1120 3435 senatus
1140 3357 1187 3429 ab
1210 3357 1318 3429 sextis

250 3479 324 3572 jam
336 3479 546 3552 censoribus
559 3496 636 3552 erat
648 3482 777 3570 lectus,
791 3491 987 3572 autequam
1000 3471 1213 3568 exspiraret,
1227 3489 1319 3564 prae·

255 3591 350 3687 cepit
367 3589 469 3679 filiis,
489 3591 583 3662 lecto
603 3615 640 3663 se
662 3605 774 3661 strato
793 3589 868 3658 sine
888 3577 1042 3668 linteis³,
1062 3581 1138 3650 sine
1155 3599 1320 3674 purpura

289 3791 487 3841 uunxtvffl.
515 3809 535 3841 r.
555 3794 624 3856 Fuga
644 3790 765 3854 explicue-
810 3786 961 3851 designatum
986 3782 1073 3832 obiisse
1091 3779 1152 3828 dicit
1170 3778 1234 3828 Gell.
1246 3779 1319 3835 1111,

256 3867 302 3926 rie,
311 3881 338 3918 ut
349 3871 414 3936 Epit.
426 3873 519 3931 mx,
530 3872 687 3929 txvt11,et
699 3869 764 3917 Flor.
795 3891 799 3898 ·
813 3881 854 3929 ¹9·
865 3892 899 3902 —
909 3864 976 3911 Nam
982 3876 1079 3926 pauper
1089 3869 1159 3915 eran
1169 3857 1320 3906 couuffium

258 3949 303 4007 lv,
313 3965 337 3997 a.
809 3943 883 3993 trudit
898 3941 962 3990 Plut.
976 3967 1009 3978 -—
1020 3937 1167 3994 Andriscus,
1182 3947 1230 3984 etc.
1251 3935 1319 3983 conl.

292 4043 316 4074 a.
336 4031 366 4074 In
387 4039 496 4092 praetura
517 4029 620 4086 mortui,
647 4037 674 4075 ut
699 4025 765 4090 apud
809 4023 948 4081 adllLIX,
963 4027 1002 4075 14.

257 4107 320 4155 Plut.
330 4108 383 4154 Cat.
393 4107 452 4166 Mai.
460 4124 484 4170 p.
496 4106 554 4154 251.
565 4109 627 4174 Eum
637 4116 763 4169 praetorem
846 4103 869 4148 3.
882 4103 953 4148 Lecto
968 4114 993 4146 se
1009 4107 1085 4145 strato
1101 4093 1152 4143 sinc
1161 4091 1261 4162 liuteis,
1274 4102 1323 4140 etc.
