2970 4712
194 365 316 472 atat:
414 383 560 451 arnan
589 380 966 457 truncantur.
1154 382 1221 476 αι,

167 505 350 588 rentibus,
366 526 451 599 agro
465 526 502 572 se
519 525 539 571 a
554 501 691 571 colonis
707 501 863 570 romanis
879 499 981 596 pelli,
998 503 1226 574 Lunensibus

166 612 444 699 affirmantibus,
458 636 557 698 eum,
569 612 614 682 de
627 634 701 706 quo
713 623 848 705 agatur,
862 633 882 678 a
896 610 1088 681 triumviris
1099 635 1223 709 agrum

168 722 238 795 sibi
260 725 476 819 assignatum
498 743 584 793 esse.
605 725 776 805 Senatus,
795 717 921 816 quide
940 718 1070 790 finibus
1090 744 1225 816 cogno-

71 837 76 860 '
167 847 309 904 scerent
323 845 609 926 statueremque,
624 830 881 927 quinqueviros
893 830 1005 914 misit,
1018 833 1063 918 Q.
1077 828 1223 901 Fabium

167 947 386 1029 Buteonem,
402 945 439 1010 P.
456 940 663 1012 Cornelium
677 939 893 1024 Blasionem,
908 940 959 1007 Ti.
976 942 1230 1035 Sempronium¹

166 1055 347 1138 Muscam,
371 1053 410 1120 L.
435 1050 595 1122 Naevium
618 1047 788 1134 Balbum,
810 1053 850 1117 C.
870 1048 1087 1144 Appuleium
1108 1054 1226 1120 Satur·

169 1162 307 1231 ninum.
341 1164 386 1229 Et
408 1159 453 1230 ab
477 1164 637 1230 Eumene
662 1173 698 1229 et
718 1157 763 1229 ab
785 1157 902 1230 Attalo
928 1173 964 1228 et
986 1157 1032 1228 ab
1054 1159 1226 1231 Athenaeo

169 1270 338 1341 fratribus
348 1267 374 1356 ⁵,
394 1270 594 1341 communis
613 1268 741 1364 legatio
767 1267 812 1338 de
836 1268 983 1338 victoria
1011 1264 1226 1363 granrlatum

169 1382 278 1451 venit.
294 1385 338 1452 Et
348 1377 543 1476 Masgabae,
560 1379 653 1474 regis
670 1378 862 1448 Masinissae
880 1375 972 1462 filio,
991 1378 1146 1448 Puteolis
1163 1404 1228 1448 na-

169 1515 251 1562 vem
270 1513 429 1586 egresso,
449 1503 578 1586 praesto
597 1485 684 1574 fuit,
706 1486 848 1558 obviam
870 1488 998 1558 missus
1017 1511 1102 1557 cum
1120 1512 1228 1584 pecu-

171 1601 251 1687 nia,
276 1602 314 1669 L.
339 1599 494 1670 Manlius
520 1613 688 1694 quaestor,
709 1598 772 1692 qui
796 1602 946 1668 Romam
975 1622 1058 1668 eum
1082 1598 1229 1696 publico

170 1723 317 1805 sumptu
334 1707 555 1805 perduceret.
575 1705 787 1776 Advenienti
803 1707 985 1804 extemplo
1004 1723 1147 1781 senatus
1166 1710 1229 1780 da-

171 1833 228 1888 tus
245 1833 306 1890 est.
326 1822 360 1890 Is
378 1817 584 1888 adolescens
604 1817 653 1886 ita
671 1817 845 1912 loquutus
865 1830 941 1904 est,
964 1831 1006 1886 ut
1023 1841 1103 1912 quae
1119 1816 1230 1888 rebus

171 1941 270 2025 grata
287 1943 408 2015 erant,
426 1929 579 2023 gratiora
604 1923 721 1998 verbis
743 1923 885 1997 faceret.
908 1930 1230 2014 Commemoravit,

170 2054 260 2135 quot
271 2039 414 2135 pedites
443 2043 668 2134 equitesque,
694 2051 784 2132 quot
801 2037 1028 2132 elephantos,
1051 2055 1228 2134 quantum

157 2150 341 2238 frumenti
362 2172 404 2217 eo
429 2146 667 2243 quadriennio
680 2162 793 2243 pater
811 2171 897 2216 suus
917 2153 954 2216 in
974 2149 1229 2219 Macedoniam

170 2263 329 2327 misisset.
350 2257 423 2328 Sed
435 2257 528 2327 ditas
545 2282 600 2328 res
616 2263 652 2327 ei
665 2255 790 2327 rubori
790 2252 935 2348 fuisse⁶
949 2283 959 2325 :
982 2283 1110 2345 unam,
1130 2261 1234 2356 quod

169 2384 329 2463 rogasset
340 2392 422 2438 eum
428 2393 501 2465 per
514 2366 647 2462 legatos
657 2383 817 2451 senatus,
835 2391 920 2464 quse
932 2368 986 2437 ad
997 2368 1127 2439 bellum
1141 2395 1230 2467 opus

170 2493 305 2560 essent,
327 2494 364 2547 et
378 2501 452 2547 non
476 2484 704 2574 imperasset:
728 2475 898 2562 alteram,
920 2477 1022 2574 quod
1034 2486 1229 2574 pecuniam

171 2593 207 2658 ei
213 2612 286 2685 pro
292 2589 481 2677 frumento
502 2593 661 2658 misisset.
685 2592 918 2657 Masinissam
935 2593 1155 2676 meminisse,
1177 2616 1231 2660 re·

167 2722 280 2792 gnum
299 2724 322 2767 a
331 2697 473 2795 populo
491 2721 643 2767 romano
654 2712 806 2793 parturn
830 2711 1048 2793 aucmmqae
1065 2715 1102 2768 et
1115 2701 1233 2769 multi-

163 2805 341 2905 plicatum
359 2806 519 2876 habere:
542 2831 610 2876 usu
631 2810 733 2901 regni
753 2817 959 2875 contentum
978 2812 1090 2892 scire,
1115 2807 1231 2906 domi-

172 2922 272 2987 nium
287 2932 324 2986 et
325 2918 391 3010 jus
406 2939 550 3000 eorum,
569 2921 636 3010 qui
647 2914 824 2998 dederint,
848 2938 931 2984 esse.
951 2919 1098 2986 Sumere
1110 2921 1232 3012 itaque

173 3027 335 3110 eosdem,
362 3048 436 3093 non
456 3048 495 3092 se
517 3044 663 3118 rogare,
685 3047 832 3118 oequum
857 3046 950 3107 esse,
974 3048 1092 3120 neque
1116 3049 1232 3095 emere

173 3159 218 3205 ea
233 3131 467 3226 exfructibus
484 3138 565 3227 agri
580 3130 628 3201 ab
645 3157 683 3202 se
701 3132 794 3216 dati,
814 3155 898 3227 quae
914 3131 966 3201 ibi
975 3143 987 3187 7
1002 3141 1231 3230 proveniant.

209 3322 233 3369 5.
247 3321 286 3368 Ab
297 3322 420 3377 Eumene,
433 3318 519 3366 Attalo
530 3315 679 3364 etAtltenoeo
724 3316 798 3366 Drak.
819 3315 887 3364 Idem
905 3318 1081 3381 suspicabatur,
1098 3333 1156 3378 moa
1174 3333 1231 3384 post

166 3401 258 3466 fluide
272 3401 304 3448 ad
315 3403 402 3458 XIII,
416 3401 440 3460 5,
453 3416 479 3447 ιι.
494 3399 518 3447 3.
533 3425 567 3434 -
578 3399 680 3461 Masga·
724 3395 858 3444 meminisse
867 3396 985 3444 excidisse
993 3413 1026 3445 se.

83 3477 85 3480 ’
175 3481 224 3537 bre,
237 3481 299 3545 regis
309 3479 446 3528 Masinissa
452 3477 478 3543 f
491 3478 548 3526 vide
560 3477 592 3525 ad
601 3479 678 3535 XXI,
761 3491 784 3534 7.
794 3475 856 3532 ¹Non
867 3491 892 3523 se
902 3491 991 3540 rogare
1003 3491 1177 3538 oequumvesse,
1190 3495 1231 3526 ne·

175 3575 222 3621 29,
233 3577 258 3607 n.
272 3561 303 3618 63
316 3559 347 3608 ad
360 3560 425 3624 Epis.
442 3559 542 3617 Lien,
554 3574 579 3605 n.
590 3573 603 3616 7
613 3573 620 3614 ς
632 3557 679 3606 Ca·
724 3569 771 3617 que
780 3569 858 3600 enare
868 3569 914 3611 ea,
927 3570 960 3602 ea
962 3553 1085 3620 fiuctibus
1098 3555 1153 3620 agri
1164 3559 1197 3605 ab
1207 3573 1233 3605 se

175 3638 242 3686 sauls.
251 3638 283 3686 ad
292 3641 356 3687 Suet.
365 3639 428 3700 Aug.
439 3638 482 3697 98,
490 3647 515 3684 et
524 3637 599 3702 Spon.
608 3636 680 3684 Misc.
724 3631 779 3681 dats·
798 3649 854 3696 quse
874 3633 1083 3702 ibipraveniant:
1107 3635 1154 3682 alls
1176 3647 1233 3700 post

174 3733 231 3782 pag.
246 3726 305 3777 ιιι.
724 3711 792 3768 dati,
812 3728 863 3760 non
878 3722 936 3774 post
954 3727 984 3758 ea
1005 3726 1099 3758 comma
1120 3725 1231 3777 ponunt,

211 3798 234 3843 6.
249 3799 317 3844 Duas
331 3811 368 3842 res
384 3794 408 3841 ei
417 3792 501 3842 rubori
502 3791 582 3857 fisisse
588 3807 681 3856 nuptu
724 3790 812 3838 olfemi
833 3791 915 3838 ioman
933 3806 979 3849 eo,
997 3791 1063 3852 quod
1077 3791 1106 3842 τὸ
1123 3807 1179 3855 quoe
1195 3803 1232 3840 tot

175 3875 207 3922 ad
220 3877 265 3933 1v‚
279 3876 309 3934 37
322 3908 329 3932 ,
341 3873 458 3920 minorem
470 3871 558 3935 quippe
570 3871 680 3918 ruborem
723 3869 826 3916 vocibus
847 3869 1012 3933 postponitur.
1032 3870 1067 3916 At
1083 3869 1114 3917 de
1132 3886 1163 3917 eo
1182 3871 1233 3918 vid.

168 3953 229 4018 fore
239 3952 333 4018 injuris
345 3950 480 4014 iniquitate.
496 3950 534 4000 CI.
545 3960 570 3996 et
579 3949 611 3996 ad
619 3950 679 3996 Tac.
724 3948 800 3996 Perit.
811 3948 842 3995 ad
853 3949 978 4003 XXVIII,
992 3963 1019 3993 ιι
1031 3981 1038 4005 ,
1049 3965 1074 3995 n.
1087 3949 1111 3996 3.
1122 3949 1188 3997 Idem
1201 3951 1231 3996 ad

177 4035 245 4080 Anu.
257 4034 311 4089 XI,
324 4045 365 4090 17,
377 4030 456 4092 princ.
468 4029 612 4090 Em-Quce
623 4043 681 4091 opus
725 4028 805 4076 Sanct.
816 4028 880 4074 Min.
892 4029 930 4085 Il,
942 4027 1126 4085 12‚monet,l1.
1138 4028 1154 4076 l.
1165 4029 1233 4091 prius

178 4123 268 4167 essent,
286 4110 346 4158 male
365 4108 421 4156 edd.
438 4119 494 4154 ante
514 4109 584 4154 Grut.
603 4118 680 4163 esset,·
725 4122 749 4153 se
762 4106 794 4152 ad
804 4106 971 4166 Masinissam,
982 4105 1083 4152 alterum
1096 4107 1126 4154 ad
1142 4109 1230 4154 Roma·
