<?xml version="1.0" encoding="UTF-8"?>
<!DOCTYPE html PUBLIC "-//W3C//DTD XHTML 1.0 Transitional//EN"
    "http://www.w3.org/TR/xhtml1/DTD/xhtml1-transitional.dtd">
<html xmlns="http://www.w3.org/1999/xhtml" xml:lang="en" lang="en">
 <head>
  <title>
</title>
<meta http-equiv="Content-Type" content="text/html;charset=utf-8" />
  <meta name='ocr-system' content='tesseract 3.04.00' />
  <meta name='ocr-capabilities' content='ocr_page ocr_carea ocr_par ocr_line ocrx_word'/>
</head>
<body>
  <div class='ocr_page' id='page_1' title='image "./titusliviuspata02freigoog_0238.png"; bbox 0 0 2984 4706; ppageno 0'>
   <div class='ocr_carea' id='block_1_1' title="bbox 221 367 1261 475">
    <p class='ocr_par' dir='ltr' id='par_1_1' title="bbox 221 367 1261 475">
     <span class='ocr_line' id='line_1_1' title="bbox 221 367 1261 475; baseline -0.022 -5"><span class='ocrx_word' id='word_1_1' title='bbox 221 367 346 472; x_wconf 66' lang='lat' dir='ltr'><strong>stat:</strong></span> <span class='ocrx_word' id='word_1_2' title='bbox 421 386 573 453; x_wconf 79' lang='lat' dir='ltr'><strong>Lissa</strong></span> <span class='ocrx_word' id='word_1_3' title='bbox 606 383 740 450; x_wconf 76' lang='lat' dir='ltr'><strong>xrrv.</strong></span> <span class='ocrx_word' id='word_1_4' title='bbox 768 383 871 450; x_wconf 77' lang='lat' dir='ltr'><strong>cnr.</strong></span> <span class='ocrx_word' id='word_1_5' title='bbox 902 384 1063 449; x_wconf 79' lang='lat' dir='ltr'><strong>xxxii.</strong></span> <span class='ocrx_word' id='word_1_6' title='bbox 1191 405 1261 475; x_wconf 54' lang='grc' dir='ltr'><strong>ηας</strong></span> 
     </span>
    </p>
   </div>
   <div class='ocr_carea' id='block_1_2' title="bbox 191 504 1272 2256">
    <p class='ocr_par' dir='ltr' id='par_1_2' title="bbox 191 504 1272 2256">
     <span class='ocr_line' id='line_1_2' title="bbox 197 504 1262 602; baseline 0 -24"><span class='ocrx_word' id='word_1_7' title='bbox 197 507 383 594; x_wconf 84' lang='lat' dir='ltr'><strong>audiebat,</strong></span> <span class='ocrx_word' id='word_1_8' title='bbox 400 506 506 577; x_wconf 92' lang='lat' dir='ltr'><strong>simul</strong></span> <span class='ocrx_word' id='word_1_9' title='bbox 523 505 659 576; x_wconf 85' lang='lat' dir='ltr'><strong>Octavii</strong></span> <span class='ocrx_word' id='word_1_10' title='bbox 673 507 846 602; x_wconf 70' lang='lat' dir='ltr'><strong>praetoris.</strong></span> <span class='ocrx_word' id='word_1_11' title='bbox 863 507 934 574; x_wconf 87' lang='lat' dir='ltr'><strong>Nec</strong></span> <span class='ocrx_word' id='word_1_12' title='bbox 947 507 1067 573; x_wconf 90' lang='lat' dir='ltr'><strong>minus</strong></span> <span class='ocrx_word' id='word_1_13' title='bbox 1079 504 1228 573; x_wconf 88' lang='lat' dir='ltr'><strong>terroris</strong></span> <span class='ocrx_word' id='word_1_14' title='bbox 1242 529 1262 578; x_wconf 83' lang='lat' dir='ltr'><strong>a</strong></span> 
     </span>
     <span class='ocr_line' id='line_1_3' title="bbox 196 611 1263 713; baseline -0.002 -24"><span class='ocrx_word' id='word_1_15' title='bbox 196 620 309 690; x_wconf 90' lang='lat' dir='ltr'><strong>classe</strong></span> <span class='ocrx_word' id='word_1_16' title='bbox 322 613 485 688; x_wconf 75' lang='lat' dir='ltr'><strong>romana³</strong></span> <span class='ocrx_word' id='word_1_17' title='bbox 493 629 527 686; x_wconf 88' lang='lat' dir='ltr'><strong>et</strong></span> <span class='ocrx_word' id='word_1_18' title='bbox 540 614 703 713; x_wconf 93' lang='lat' dir='ltr'><strong>periculo</strong></span> <span class='ocrx_word' id='word_1_19' title='bbox 711 615 896 684; x_wconf 72' lang='lat' dir='ltr'><strong>maritimae</strong></span> <span class='ocrx_word' id='word_1_20' title='bbox 907 639 979 684; x_wconf 71' lang='lat' dir='ltr'><strong>orte</strong></span> <span class='ocrx_word' id='word_1_21' title='bbox 990 611 1263 690; x_wconf 79' lang='lat' dir='ltr'><strong>habebatThes</strong></span> 
     </span>
     <span class='ocr_line' id='line_1_4' title="bbox 196 725 1261 821; baseline -0.004 -22"><span class='ocrx_word' id='word_1_22' title='bbox 196 730 360 799; x_wconf 87' lang='lat' dir='ltr'><strong>salonicae</strong></span> <span class='ocrx_word' id='word_1_23' title='bbox 372 731 549 798; x_wconf 83' lang='lat' dir='ltr'><strong>Eumenes</strong></span> <span class='ocrx_word' id='word_1_24' title='bbox 563 740 598 797; x_wconf 91' lang='lat' dir='ltr'><strong>et</strong></span> <span class='ocrx_word' id='word_1_25' title='bbox 612 725 856 821; x_wconf 84' lang='lat' dir='ltr'><strong>Athenagoras</strong></span> <span class='ocrx_word' id='word_1_26' title='bbox 868 737 1043 821; x_wconf 80' lang='lat' dir='ltr'><strong>praeerant</strong></span> <span class='ocrx_word' id='word_1_27' title='bbox 1053 748 1135 793; x_wconf 92' lang='lat' dir='ltr'><strong>cum</strong></span> <span class='ocrx_word' id='word_1_28' title='bbox 1149 746 1261 821; x_wconf 89' lang='lat' dir='ltr'><strong>parvo</strong></span> 
     </span>
     <span class='ocr_line' id='line_1_5' title="bbox 196 834 1262 938; baseline -0.001 -30"><span class='ocrx_word' id='word_1_29' title='bbox 196 837 363 938; x_wconf 73' lang='lat' dir='ltr'><strong>prasidio</strong></span> <span class='ocrx_word' id='word_1_30' title='bbox 386 837 541 907; x_wconf 89' lang='lat' dir='ltr'><strong>duorum</strong></span> <span class='ocrx_word' id='word_1_31' title='bbox 559 836 712 907; x_wconf 92' lang='lat' dir='ltr'><strong>millium</strong></span> <span class='ocrx_word' id='word_1_32' title='bbox 733 835 990 906; x_wconf 77' lang='lat' dir='ltr'><strong>caetratorum‘i.</strong></span> <span class='ocrx_word' id='word_1_33' title='bbox 1010 839 1061 904; x_wconf 91' lang='lat' dir='ltr'><strong>Eo</strong></span> <span class='ocrx_word' id='word_1_34' title='bbox 1076 849 1112 905; x_wconf 88' lang='lat' dir='ltr'><strong>et</strong></span> <span class='ocrx_word' id='word_1_35' title='bbox 1125 834 1262 907; x_wconf 88' lang='lat' dir='ltr'><strong>Andro·</strong></span> 
     </span>
     <span class='ocr_line' id='line_1_6' title="bbox 195 945 1261 1046; baseline -0.002 -26"><span class='ocrx_word' id='word_1_36' title='bbox 195 948 286 1020; x_wconf 91' lang='lat' dir='ltr'><strong>clem</strong></span> <span class='ocrx_word' id='word_1_37' title='bbox 312 945 523 1046; x_wconf 63' lang='lat' dir='ltr'><strong>praefectum</strong></span> <span class='ocrx_word' id='word_1_38' title='bbox 546 947 677 1034; x_wconf 91' lang='lat' dir='ltr'><strong>mittit,</strong></span> <span class='ocrx_word' id='word_1_39' title='bbox 700 947 840 1042; x_wconf 90' lang='lat' dir='ltr'><strong>jussum</strong></span> <span class='ocrx_word' id='word_1_40' title='bbox 869 945 937 1016; x_wconf 93' lang='lat' dir='ltr'><strong>sub</strong></span> <span class='ocrx_word' id='word_1_41' title='bbox 965 946 1050 1043; x_wconf 90' lang='lat' dir='ltr'><strong>ipsis</strong></span> <span class='ocrx_word' id='word_1_42' title='bbox 1077 945 1261 1018; x_wconf 89' lang='lat' dir='ltr'><strong>navalibus</strong></span> 
     </span>
     <span class='ocr_line' id='line_1_7' title="bbox 194 1057 1260 1154; baseline 0 -25"><span class='ocrx_word' id='word_1_43' title='bbox 194 1074 310 1129; x_wconf 87' lang='lat' dir='ltr'><strong>castra</strong></span> <span class='ocrx_word' id='word_1_44' title='bbox 335 1058 478 1130; x_wconf 89' lang='lat' dir='ltr'><strong>habere.</strong></span> <span class='ocrx_word' id='word_1_45' title='bbox 508 1059 644 1129; x_wconf 84' lang='lat' dir='ltr'><strong>AEniam</strong></span> <span class='ocrx_word' id='word_1_46' title='bbox 672 1057 769 1128; x_wconf 89' lang='lat' dir='ltr'><strong>mille</strong></span> <span class='ocrx_word' id='word_1_47' title='bbox 801 1059 939 1153; x_wconf 90' lang='lat' dir='ltr'><strong>equites</strong></span> <span class='ocrx_word' id='word_1_48' title='bbox 969 1080 1052 1126; x_wconf 92' lang='lat' dir='ltr'><strong>cum</strong></span> <span class='ocrx_word' id='word_1_49' title='bbox 1079 1059 1260 1154; x_wconf 82' lang='lat' dir='ltr'><strong>Antigono</strong></span> 
     </span>
     <span class='ocr_line' id='line_1_8' title="bbox 194 1167 1259 1264; baseline 0.002 -26"><span class='ocrx_word' id='word_1_50' title='bbox 194 1169 291 1240; x_wconf 89' lang='lat' dir='ltr'><strong>misit</strong></span> <span class='ocrx_word' id='word_1_51' title='bbox 309 1168 354 1239; x_wconf 87' lang='lat' dir='ltr'><strong>ad</strong></span> <span class='ocrx_word' id='word_1_52' title='bbox 372 1167 556 1240; x_wconf 88' lang='lat' dir='ltr'><strong>tutandam</strong></span> <span class='ocrx_word' id='word_1_53' title='bbox 578 1168 789 1239; x_wconf 90' lang='lat' dir='ltr'><strong>maritimam</strong></span> <span class='ocrx_word' id='word_1_54' title='bbox 810 1190 928 1250; x_wconf 88' lang='lat' dir='ltr'><strong>oram,</strong></span> <span class='ocrx_word' id='word_1_55' title='bbox 948 1180 1008 1254; x_wconf 89' lang='lat' dir='ltr'><strong>ut,</strong></span> <span class='ocrx_word' id='word_1_56' title='bbox 1028 1189 1259 1264; x_wconf 90' lang='lat' dir='ltr'><strong>quocumque</strong></span> 
     </span>
     <span class='ocr_line' id='line_1_9' title="bbox 195 1275 1260 1378; baseline 0 -30"><span class='ocrx_word' id='word_1_57' title='bbox 195 1278 300 1349; x_wconf 88' lang='lat' dir='ltr'><strong>litore</strong></span> <span class='ocrx_word' id='word_1_58' title='bbox 318 1278 532 1378; x_wconf 88' lang='lat' dir='ltr'><strong>applicuisse</strong></span> <span class='ocrx_word' id='word_1_59' title='bbox 552 1303 660 1348; x_wconf 85' lang='lat' dir='ltr'><strong>naves</strong></span> <span class='ocrx_word' id='word_1_60' title='bbox 681 1277 839 1348; x_wconf 91' lang='lat' dir='ltr'><strong>hostium</strong></span> <span class='ocrx_word' id='word_1_61' title='bbox 860 1275 1059 1363; x_wconf 87' lang='lat' dir='ltr'><strong>audissent,</strong></span> <span class='ocrx_word' id='word_1_62' title='bbox 1079 1278 1260 1374; x_wconf 87' lang='lat' dir='ltr'><strong>extemplo</strong></span> 
     </span>
     <span class='ocr_line' id='line_1_10' title="bbox 193 1385 1257 1486; baseline 0 -28"><span class='ocrx_word' id='word_1_63' title='bbox 193 1385 328 1460; x_wconf 85' lang='lat' dir='ltr'><strong>ferrent</strong></span> <span class='ocrx_word' id='word_1_64' title='bbox 347 1387 546 1485; x_wconf 85' lang='lat' dir='ltr'><strong>agrestibus</strong></span> <span class='ocrx_word' id='word_1_65' title='bbox 565 1411 683 1486; x_wconf 86' lang='lat' dir='ltr'><strong>opem.</strong></span> <span class='ocrx_word' id='word_1_66' title='bbox 701 1389 872 1483; x_wconf 89' lang='lat' dir='ltr'><strong>Quinque</strong></span> <span class='ocrx_word' id='word_1_67' title='bbox 891 1387 1002 1458; x_wconf 89' lang='lat' dir='ltr'><strong>millia</strong></span> <span class='ocrx_word' id='word_1_68' title='bbox 1019 1386 1257 1460; x_wconf 88' lang='lat' dir='ltr'><strong>Macedonum</strong></span> 
     </span>
     <span class='ocr_line' id='line_1_11' title="bbox 194 1492 1258 1594; baseline -0.001 -27"><span class='ocrx_word' id='word_1_69' title='bbox 194 1500 301 1570; x_wconf 90' lang='lat' dir='ltr'><strong>missa</strong></span> <span class='ocrx_word' id='word_1_70' title='bbox 315 1497 359 1569; x_wconf 89' lang='lat' dir='ltr'><strong>ad</strong></span> <span class='ocrx_word' id='word_1_71' title='bbox 377 1498 581 1594; x_wconf 71' lang='lat' dir='ltr'><strong>praesidium</strong></span> <span class='ocrx_word' id='word_1_72' title='bbox 601 1496 720 1593; x_wconf 91' lang='lat' dir='ltr'><strong>Pythii</strong></span> <span class='ocrx_word' id='word_1_73' title='bbox 742 1511 779 1566; x_wconf 93' lang='lat' dir='ltr'><strong>et</strong></span> <span class='ocrx_word' id='word_1_74' title='bbox 794 1500 905 1568; x_wconf 86' lang='lat' dir='ltr'><strong>Petrae</strong></span> <span class='ocrx_word' id='word_1_75' title='bbox 918 1492 944 1584; x_wconf 85' lang='lat'><strong>⁵,</strong></span> <span class='ocrx_word' id='word_1_76' title='bbox 963 1494 1098 1592; x_wconf 92' lang='lat' dir='ltr'><strong>quibus</strong></span> <span class='ocrx_word' id='word_1_77' title='bbox 1119 1519 1258 1594; x_wconf 88' lang='lat' dir='ltr'><strong>praepo·</strong></span> 
     </span>
     <span class='ocr_line' id='line_1_12' title="bbox 193 1603 1260 1703; baseline -0.004 -23"><span class='ocrx_word' id='word_1_78' title='bbox 193 1611 251 1680; x_wconf 86' lang='lat' dir='ltr'><strong>siti</strong></span> <span class='ocrx_word' id='word_1_79' title='bbox 271 1623 374 1680; x_wconf 89' lang='lat' dir='ltr'><strong>erant</strong></span> <span class='ocrx_word' id='word_1_80' title='bbox 388 1609 570 1695; x_wconf 87' lang='lat' dir='ltr'><strong>Histiaeus,</strong></span> <span class='ocrx_word' id='word_1_81' title='bbox 593 1622 629 1678; x_wconf 90' lang='lat' dir='ltr'><strong>ct</strong></span> <span class='ocrx_word' id='word_1_82' title='bbox 643 1606 871 1703; x_wconf 81' lang='lat' dir='ltr'><strong>Theogenes,</strong></span> <span class='ocrx_word' id='word_1_83' title='bbox 885 1621 920 1676; x_wconf 93' lang='lat' dir='ltr'><strong>et</strong></span> <span class='ocrx_word' id='word_1_84' title='bbox 933 1603 1079 1695; x_wconf 83' lang='lat' dir='ltr'><strong>Medon.</strong></span> <span class='ocrx_word' id='word_1_85' title='bbox 1103 1606 1166 1676; x_wconf 87' lang='lat' dir='ltr'><strong>His</strong></span> <span class='ocrx_word' id='word_1_86' title='bbox 1177 1629 1260 1702; x_wconf 88' lang='lat' dir='ltr'><strong>pro·</strong></span> 
     </span>
     <span class='ocr_line' id='line_1_13' title="bbox 193 1711 1257 1815; baseline -0.003 -27"><span class='ocrx_word' id='word_1_87' title='bbox 193 1717 313 1805; x_wconf 87' lang='lat' dir='ltr'><strong>fectis,</strong></span> <span class='ocrx_word' id='word_1_88' title='bbox 340 1719 456 1814; x_wconf 87' lang='lat' dir='ltr'><strong>ripam</strong></span> <span class='ocrx_word' id='word_1_89' title='bbox 479 1718 619 1788; x_wconf 89' lang='lat' dir='ltr'><strong>munire</strong></span> <span class='ocrx_word' id='word_1_90' title='bbox 646 1711 955 1815; x_wconf 63' lang='lat' dir='ltr'><strong>Enipei&#39;ssuminis</strong></span> <span class='ocrx_word' id='word_1_91' title='bbox 979 1730 1257 1812; x_wconf 83' lang='lat' dir='ltr'><strong>aggressusest,</strong></span> 
     </span>
     <span class='ocr_line' id='line_1_14' title="bbox 193 1825 1257 1927; baseline -0.002 -28"><span class='ocrx_word' id='word_1_92' title='bbox 193 1831 279 1926; x_wconf 87' lang='lat' dir='ltr'><strong>quia</strong></span> <span class='ocrx_word' id='word_1_93' title='bbox 294 1831 388 1900; x_wconf 89' lang='lat' dir='ltr'><strong>sicco</strong></span> <span class='ocrx_word' id='word_1_94' title='bbox 404 1829 505 1900; x_wconf 88' lang='lat' dir='ltr'><strong>alveo</strong></span> <span class='ocrx_word' id='word_1_95' title='bbox 518 1830 663 1900; x_wconf 92' lang='lat' dir='ltr'><strong>transiri</strong></span> <span class='ocrx_word' id='word_1_96' title='bbox 677 1844 827 1927; x_wconf 91' lang='lat' dir='ltr'><strong>poterat.</strong></span> <span class='ocrx_word' id='word_1_97' title='bbox 843 1831 935 1899; x_wconf 88' lang='lat' dir='ltr'><strong>Huic</strong></span> <span class='ocrx_word' id='word_1_98' title='bbox 949 1843 991 1898; x_wconf 89' lang='lat' dir='ltr'><strong>ut</strong></span> <span class='ocrx_word' id='word_1_99' title='bbox 1006 1828 1122 1897; x_wconf 86' lang='lat' dir='ltr'><strong>omnis</strong></span> <span class='ocrx_word' id='word_1_100' title='bbox 1139 1825 1257 1897; x_wconf 90' lang='lat' dir='ltr'><strong>multi-</strong></span> 
     </span>
     <span class='ocr_line' id='line_1_15' title="bbox 191 1933 1272 2038; baseline -0.003 -28"><span class='ocrx_word' id='word_1_101' title='bbox 191 1939 283 2011; x_wconf 91' lang='lat' dir='ltr'><strong>tudo</strong></span> <span class='ocrx_word' id='word_1_102' title='bbox 299 1954 456 2023; x_wconf 90' lang='lat' dir='ltr'><strong>vacaret,</strong></span> <span class='ocrx_word' id='word_1_103' title='bbox 471 1938 611 2010; x_wconf 86' lang='lat' dir='ltr'><strong>feminae</strong></span> <span class='ocrx_word' id='word_1_104' title='bbox 622 1995 631 2024; x_wconf 96' lang='lat'><strong>,</strong></span> <span class='ocrx_word' id='word_1_105' title='bbox 642 1966 686 2010; x_wconf 84' lang='lat' dir='ltr'><strong>ex</strong></span> <span class='ocrx_word' id='word_1_106' title='bbox 695 1939 909 2038; x_wconf 88' lang='lat' dir='ltr'><strong>propinquis</strong></span> <span class='ocrx_word' id='word_1_107' title='bbox 918 1933 1095 2008; x_wconf 79' lang='lat' dir='ltr'><strong>urbibus⁶</strong></span> <span class='ocrx_word' id='word_1_108' title='bbox 1111 1945 1272 2026; x_wconf 85' lang='lat' dir='ltr'><strong>coactae,</strong></span> 
     </span>
     <span class='ocr_line' id='line_1_16' title="bbox 192 2047 1257 2145; baseline -0.004 -23"><span class='ocrx_word' id='word_1_109' title='bbox 192 2049 324 2122; x_wconf 89' lang='lat' dir='ltr'><strong>cibaria</strong></span> <span class='ocrx_word' id='word_1_110' title='bbox 345 2051 382 2120; x_wconf 91' lang='lat' dir='ltr'><strong>in</strong></span> <span class='ocrx_word' id='word_1_111' title='bbox 402 2064 515 2122; x_wconf 87' lang='lat' dir='ltr'><strong>castra</strong></span> <span class='ocrx_word' id='word_1_112' title='bbox 538 2047 758 2122; x_wconf 86' lang='lat' dir='ltr'><strong>afferebant:</strong></span> <span class='ocrx_word' id='word_1_113' title='bbox 781 2049 881 2120; x_wconf 90' lang='lat' dir='ltr'><strong>miles</strong></span> <span class='ocrx_word' id='word_1_114' title='bbox 902 2049 1023 2142; x_wconf 83' lang='lat' dir='ltr'><strong>jussus</strong></span> <span class='ocrx_word' id='word_1_115' title='bbox 1047 2071 1091 2117; x_wconf 85' lang='lat' dir='ltr'><strong>ex</strong></span> <span class='ocrx_word' id='word_1_116' title='bbox 1111 2049 1257 2145; x_wconf 89' lang='lat' dir='ltr'><strong>propin-</strong></span> 
     </span>
     <span class='ocr_line' id='line_1_17' title="bbox 192 2157 1256 2256; baseline -0.001 -25"><span class='ocrx_word' id='word_1_117' title='bbox 192 2161 273 2256; x_wconf 89' lang='lat' dir='ltr'><strong>quis</strong></span> <span class='ocrx_word' id='word_1_118' title='bbox 299 2157 393 2231; x_wconf 87' lang='lat' dir='ltr'><strong>silvis</strong></span> <span class='ocrx_word' id='word_1_119' title='bbox 420 2167 524 2256; x_wconf 84' lang='lat' dir='ltr'><strong>[ligna</strong></span> <span class='ocrx_word' id='word_1_120' title='bbox 541 2185 661 2256; x_wconf 84' lang='lat' dir='ltr'><strong>petere.</strong></span> <span class='ocrx_word' id='word_1_121' title='bbox 688 2165 768 2229; x_wconf 90' lang='lat' dir='ltr'><strong>Inde</strong></span> <span class='ocrx_word' id='word_1_122' title='bbox 790 2168 949 2228; x_wconf 83' lang='lat' dir='ltr'><strong>strlrotum</strong></span> <span class='ocrx_word' id='word_1_123' title='bbox 972 2165 1109 2254; x_wconf 76' lang='lat' dir='ltr'><strong>rollum,</strong></span> <span class='ocrx_word' id='word_1_124' title='bbox 1132 2189 1256 2254; x_wconf 88' lang='lat' dir='ltr'><strong>propn-</strong></span> 
     </span>
    </p>
   </div>
   <div class='ocr_carea' id='block_1_3' title="bbox 189 2352 1255 3218">
    <p class='ocr_par' dir='ltr' id='par_1_3' title="bbox 189 2352 1255 3218">
     <span class='ocr_line' id='line_1_18' title="bbox 229 2352 1255 2424; baseline -0.001 -15"><span class='ocrx_word' id='word_1_125' title='bbox 229 2365 252 2410; x_wconf 80' lang='lat'><strong>3.</strong></span> <span class='ocrx_word' id='word_1_126' title='bbox 263 2363 314 2410; x_wconf 81' lang='lat' dir='ltr'><strong>Nec</strong></span> <span class='ocrx_word' id='word_1_127' title='bbox 325 2361 403 2410; x_wconf 83' lang='lat' dir='ltr'><strong>minus</strong></span> <span class='ocrx_word' id='word_1_128' title='bbox 412 2360 510 2410; x_wconf 84' lang='lat' dir='ltr'><strong>terroris</strong></span> <span class='ocrx_word' id='word_1_129' title='bbox 521 2377 539 2410; x_wconf 89' lang='lat' dir='ltr'><strong>a</strong></span> <span class='ocrx_word' id='word_1_130' title='bbox 551 2361 628 2408; x_wconf 85' lang='lat' dir='ltr'><strong>classe</strong></span> <span class='ocrx_word' id='word_1_131' title='bbox 639 2377 701 2407; x_wconf 88' lang='lat' dir='ltr'><strong>rom.</strong></span> <span class='ocrx_word' id='word_1_132' title='bbox 746 2352 900 2424; x_wconf 46' lang='lat' dir='ltr'><strong>psalmam</strong></span> <span class='ocrx_word' id='word_1_133' title='bbox 920 2357 1055 2406; x_wconf 78' lang='lat' dir='ltr'><strong>substituit.</strong></span> <span class='ocrx_word' id='word_1_134' title='bbox 1075 2357 1165 2410; x_wconf 75' lang='grc' dir='ltr'><strong>Πύθιον</strong></span> <span class='ocrx_word' id='word_1_135' title='bbox 1189 2359 1255 2423; x_wconf 79' lang='lat' dir='ltr'><strong>apud</strong></span> 
     </span>
     <span class='ocr_line' id='line_1_19' title="bbox 192 2435 1255 2504; baseline -0.003 -16"><span class='ocrx_word' id='word_1_136' title='bbox 192 2453 240 2490; x_wconf 87' lang='lat' dir='ltr'><strong>etc.</strong></span> <span class='ocrx_word' id='word_1_137' title='bbox 253 2441 295 2490; x_wconf 84' lang='lat' dir='ltr'><strong>sed</strong></span> <span class='ocrx_word' id='word_1_138' title='bbox 311 2441 377 2490; x_wconf 81' lang='lat' dir='ltr'><strong>idem</strong></span> <span class='ocrx_word' id='word_1_139' title='bbox 394 2441 481 2492; x_wconf 85' lang='lat' dir='ltr'><strong>dicunt</strong></span> <span class='ocrx_word' id='word_1_140' title='bbox 501 2441 573 2488; x_wconf 84' lang='lat' dir='ltr'><strong>verba</strong></span> <span class='ocrx_word' id='word_1_141' title='bbox 591 2441 703 2504; x_wconf 82' lang='lat' dir='ltr'><strong>proxime</strong></span> <span class='ocrx_word' id='word_1_142' title='bbox 746 2437 813 2484; x_wconf 91' lang='lat' dir='ltr'><strong>Ptol.</strong></span> <span class='ocrx_word' id='word_1_143' title='bbox 834 2437 886 2492; x_wconf 88' lang='grc' dir='ltr'>ΙΙΙ,</span> <span class='ocrx_word' id='word_1_144' title='bbox 908 2435 947 2482; x_wconf 80' lang='lat'><strong>13.</strong></span> <span class='ocrx_word' id='word_1_145' title='bbox 966 2463 1001 2472; x_wconf 95' lang='lat'><em>-</em></span> <span class='ocrx_word' id='word_1_146' title='bbox 1019 2435 1126 2494; x_wconf 85' lang='lat' dir='ltr'><strong>Medon,·</strong></span> <span class='ocrx_word' id='word_1_147' title='bbox 1147 2437 1201 2484; x_wconf 85' lang='lat' dir='ltr'><strong>vide</strong></span> <span class='ocrx_word' id='word_1_148' title='bbox 1224 2439 1255 2486; x_wconf 88' lang='lat' dir='ltr'><strong>ad</strong></span> 
     </span>
     <span class='ocr_line' id='line_1_20' title="bbox 192 2515 1253 2585; baseline -0.002 -19"><span class='ocrx_word' id='word_1_149' title='bbox 192 2536 282 2585; x_wconf 82' lang='lat' dir='ltr'><strong>praec.;</strong></span> <span class='ocrx_word' id='word_1_150' title='bbox 297 2537 352 2568; x_wconf 86' lang='lat' dir='ltr'><strong>nam</strong></span> <span class='ocrx_word' id='word_1_151' title='bbox 362 2520 420 2569; x_wconf 88' lang='lat' dir='ltr'><strong>huic</strong></span> <span class='ocrx_word' id='word_1_152' title='bbox 436 2519 506 2570; x_wconf 78' lang='lat' dir='ltr'><strong>classi</strong></span> <span class='ocrx_word' id='word_1_153' title='bbox 517 2531 619 2584; x_wconf 84' lang='lat' dir='ltr'><strong>praeerat</strong></span> <span class='ocrx_word' id='word_1_154' title='bbox 629 2521 702 2568; x_wconf 84' lang='lat' dir='ltr'><strong>Octa·</strong></span> <span class='ocrx_word' id='word_1_155' title='bbox 748 2517 832 2574; x_wconf 80' lang='lat' dir='ltr'><strong>xm,</strong></span> <span class='ocrx_word' id='word_1_156' title='bbox 846 2515 895 2572; x_wconf 83' lang='lat'><strong>58,</strong></span> <span class='ocrx_word' id='word_1_157' title='bbox 908 2531 932 2562; x_wconf 90' lang='lat' dir='ltr'><strong>n.</strong></span> <span class='ocrx_word' id='word_1_158' title='bbox 945 2515 1083 2564; x_wconf 79' lang='lat' dir='ltr'><strong>2.—Hut&#39;c</strong></span> <span class='ocrx_word' id='word_1_159' title='bbox 1091 2550 1099 2572; x_wconf 89' lang='lat'><strong>,</strong></span> <span class='ocrx_word' id='word_1_160' title='bbox 1114 2515 1190 2563; x_wconf 86' lang='lat' dir='ltr'><strong>scilic.</strong></span> <span class='ocrx_word' id='word_1_161' title='bbox 1204 2517 1253 2573; x_wconf 86' lang='lat' dir='ltr'><strong>rei,</strong></span> 
     </span>
     <span class='ocr_line' id='line_1_21' title="bbox 191 2593 1255 2662; baseline -0.002 -17"><span class='ocrx_word' id='word_1_162' title='bbox 191 2599 246 2646; x_wconf 85' lang='lat' dir='ltr'><strong>vius</strong></span> <span class='ocrx_word' id='word_1_163' title='bbox 265 2611 363 2662; x_wconf 76' lang='lat' dir='ltr'><strong>praetor.</strong></span> <span class='ocrx_word' id='word_1_164' title='bbox 382 2601 412 2648; x_wconf 89' lang='lat' dir='ltr'><strong>In</strong></span> <span class='ocrx_word' id='word_1_165' title='bbox 431 2599 487 2648; x_wconf 86' lang='lat' dir='ltr'><strong>edd.</strong></span> <span class='ocrx_word' id='word_1_166' title='bbox 509 2611 566 2648; x_wconf 77' lang='lat' dir='ltr'><strong>ante</strong></span> <span class='ocrx_word' id='word_1_167' title='bbox 585 2599 658 2646; x_wconf 75' lang='lat' dir='ltr'><strong>Frob.</strong></span> <span class='ocrx_word' id='word_1_168' title='bbox 680 2614 701 2646; x_wconf 84' lang='lat' dir='ltr'><strong>a.</strong></span> <span class='ocrx_word' id='word_1_169' title='bbox 745 2595 786 2642; x_wconf 80' lang='lat' dir='ltr'><strong>rel</strong></span> <span class='ocrx_word' id='word_1_170' title='bbox 804 2594 943 2658; x_wconf 82' lang='lat' dir='ltr'><strong>operi,.vel</strong></span> <span class='ocrx_word' id='word_1_171' title='bbox 958 2593 1072 2656; x_wconf 75' lang='lat' dir='ltr'><strong>negotio,</strong></span> <span class='ocrx_word' id='word_1_172' title='bbox 1087 2611 1121 2643; x_wconf 81' lang='lat' dir='ltr'><strong>so.</strong></span> <span class='ocrx_word' id='word_1_173' title='bbox 1142 2595 1255 2644; x_wconf 76' lang='lat' dir='ltr'><strong>munitio·</strong></span> 
     </span>
     <span class='ocr_line' id='line_1_22' title="bbox 195 2673 1255 2738; baseline -0.002 -13"><span class='ocrx_word' id='word_1_174' title='bbox 195 2678 261 2728; x_wconf 76' lang='lat'><strong>15³5</strong></span> <span class='ocrx_word' id='word_1_175' title='bbox 277 2678 382 2728; x_wconf 69' lang='lat' dir='ltr'><strong>habebat</strong></span> <span class='ocrx_word' id='word_1_176' title='bbox 397 2678 579 2738; x_wconf 71' lang='lat' dir='ltr'><strong>Thessalonica.</strong></span> <span class='ocrx_word' id='word_1_177' title='bbox 594 2677 642 2726; x_wconf 85' lang='lat' dir='ltr'><strong>Sed</strong></span> <span class='ocrx_word' id='word_1_178' title='bbox 659 2694 702 2724; x_wconf 89' lang='lat' dir='ltr'><strong>cur</strong></span> <span class='ocrx_word' id='word_1_179' title='bbox 745 2674 799 2730; x_wconf 77' lang='lat' dir='ltr'><strong>nis3</strong></span> <span class='ocrx_word' id='word_1_180' title='bbox 814 2673 889 2722; x_wconf 84' lang='lat' dir='ltr'><strong>Drak.</strong></span> <span class='ocrx_word' id='word_1_181' title='bbox 911 2675 985 2738; x_wconf 83' lang='lat' dir='ltr'><strong>Operi</strong></span> <span class='ocrx_word' id='word_1_182' title='bbox 1001 2674 1120 2724; x_wconf 79' lang='lat' dir='ltr'><strong>excidisse</strong></span> <span class='ocrx_word' id='word_1_183' title='bbox 1136 2675 1255 2738; x_wconf 81' lang='lat' dir='ltr'><strong>putabant</strong></span> 
     </span>
     <span class='ocr_line' id='line_1_23' title="bbox 191 2753 1053 2824; baseline -0.006 -20"><span class='ocrx_word' id='word_1_184' title='bbox 191 2759 243 2806; x_wconf 82' lang='lat' dir='ltr'><strong>baec</strong></span> <span class='ocrx_word' id='word_1_185' title='bbox 257 2760 312 2824; x_wconf 88' lang='lat' dir='ltr'><strong>plus</strong></span> <span class='ocrx_word' id='word_1_186' title='bbox 325 2762 423 2808; x_wconf 87' lang='lat' dir='ltr'><strong>terroris</strong></span> <span class='ocrx_word' id='word_1_187' title='bbox 437 2760 556 2817; x_wconf 86' lang='lat' dir='ltr'><strong>babebat,</strong></span> <span class='ocrx_word' id='word_1_188' title='bbox 570 2775 642 2822; x_wconf 86' lang='lat' dir='ltr'><strong>quam</strong></span> <span class='ocrx_word' id='word_1_189' title='bbox 654 2758 700 2804; x_wconf 84' lang='lat' dir='ltr'><strong>alia</strong></span> <span class='ocrx_word' id='word_1_190' title='bbox 744 2755 825 2810; x_wconf 74' lang='lat' dir='ltr'><strong>Mun,</strong></span> <span class='ocrx_word' id='word_1_191' title='bbox 837 2753 907 2801; x_wconf 88' lang='lat' dir='ltr'><strong>Crev.</strong></span> <span class='ocrx_word' id='word_1_192' title='bbox 919 2765 943 2801; x_wconf 90' lang='lat' dir='ltr'><strong>et</strong></span> <span class='ocrx_word' id='word_1_193' title='bbox 952 2754 1053 2812; x_wconf 80' lang='lat' dir='ltr'><strong>Doujat.</strong></span> 
     </span>
     <span class='ocr_line' id='line_1_24' title="bbox 189 2831 1253 2903; baseline -0.008 -17"><span class='ocrx_word' id='word_1_194' title='bbox 189 2839 282 2903; x_wconf 86' lang='lat' dir='ltr'><strong>oppida</strong></span> <span class='ocrx_word' id='word_1_195' title='bbox 304 2840 455 2888; x_wconf 78' lang='lat' dir='ltr'><strong>Macedoniae</strong></span> <span class='ocrx_word' id='word_1_196' title='bbox 477 2838 612 2887; x_wconf 79' lang='lat' dir='ltr'><strong>maritima?</strong></span> <span class='ocrx_word' id='word_1_197' title='bbox 633 2839 698 2884; x_wconf 87' lang='lat' dir='ltr'><strong>Hinc</strong></span> <span class='ocrx_word' id='word_1_198' title='bbox 778 2833 804 2878; x_wconf 77' lang='lat'><strong>6.</strong></span> <span class='ocrx_word' id='word_1_199' title='bbox 817 2833 859 2878; x_wconf 72' lang='lat' dir='ltr'><strong>Ex</strong></span> <span class='ocrx_word' id='word_1_200' title='bbox 867 2831 1013 2896; x_wconf 83' lang='lat' dir='ltr'><strong>propinquis</strong></span> <span class='ocrx_word' id='word_1_201' title='bbox 1031 2831 1253 2892; x_wconf 66' lang='lat' dir='ltr'><strong>nrbr&#39;bnscoactcr,</strong></span> 
     </span>
     <span class='ocr_line' id='line_1_25' title="bbox 190 2910 1252 2974; baseline -0.005 -11"><span class='ocrx_word' id='word_1_202' title='bbox 190 2934 236 2964; x_wconf 82' lang='lat' dir='ltr'><strong>nec</strong></span> <span class='ocrx_word' id='word_1_203' title='bbox 247 2918 325 2966; x_wconf 78' lang='lat' dir='ltr'><strong>minas</strong></span> <span class='ocrx_word' id='word_1_204' title='bbox 339 2931 357 2966; x_wconf 86' lang='lat' dir='ltr'><strong>e.</strong></span> <span class='ocrx_word' id='word_1_205' title='bbox 373 2935 399 2968; x_wconf 89' lang='lat' dir='ltr'><strong>a.</strong></span> <span class='ocrx_word' id='word_1_206' title='bbox 415 2935 437 2966; x_wconf 86' lang='lat' dir='ltr'><strong>c.</strong></span> <span class='ocrx_word' id='word_1_207' title='bbox 451 2936 473 2967; x_wconf 93' lang='lat' dir='ltr'><strong>r.</strong></span> <span class='ocrx_word' id='word_1_208' title='bbox 493 2917 663 2966; x_wconf 71' lang='lat' dir='ltr'><strong>Thessalonica</strong></span> <span class='ocrx_word' id='word_1_209' title='bbox 676 2928 700 2964; x_wconf 80' lang='lat' dir='ltr'><strong>et</strong></span> <span class='ocrx_word' id='word_1_210' title='bbox 743 2910 798 2957; x_wconf 87' lang='lat' dir='ltr'><strong>vide</strong></span> <span class='ocrx_word' id='word_1_211' title='bbox 811 2910 842 2958; x_wconf 81' lang='lat' dir='ltr'><strong>ad</strong></span> <span class='ocrx_word' id='word_1_212' title='bbox 853 2912 970 2970; x_wconf 77' lang='lat' dir='ltr'><strong>xxxu,</strong></span> <span class='ocrx_word' id='word_1_213' title='bbox 984 2925 1055 2968; x_wconf 64' lang='grc' dir='ltr'><strong>ω.</strong></span> <span class='ocrx_word' id='word_1_214' title='bbox 1070 2918 1093 2966; x_wconf 77' lang='grc'><strong>4.</strong></span> <span class='ocrx_word' id='word_1_215' title='bbox 1104 2911 1252 2974; x_wconf 72' lang='lat' dir='ltr'><strong>Eapropin-</strong></span> 
     </span>
     <span class='ocr_line' id='line_1_26' title="bbox 190 2992 1251 3058; baseline -0.008 -12"><span class='ocrx_word' id='word_1_216' title='bbox 190 2998 315 3046; x_wconf 73' lang='lat' dir='ltr'><strong>naaritirna</strong></span> <span class='ocrx_word' id='word_1_217' title='bbox 326 3015 372 3046; x_wconf 85' lang='lat' dir='ltr'><strong>ora</strong></span> <span class='ocrx_word' id='word_1_218' title='bbox 385 2998 492 3048; x_wconf 74' lang='lat' dir='ltr'><strong>habetat</strong></span> <span class='ocrx_word' id='word_1_219' title='bbox 499 2999 563 3057; x_wconf 85' lang='lat' dir='ltr'><strong>conj.</strong></span> <span class='ocrx_word' id='word_1_220' title='bbox 572 2997 698 3044; x_wconf 74' lang='lat' dir='ltr'><strong>Drakenb.</strong></span> <span class='ocrx_word' id='word_1_221' title='bbox 743 2993 797 3058; x_wconf 84' lang='lat' dir='ltr'><strong>quis</strong></span> <span class='ocrx_word' id='word_1_222' title='bbox 807 3009 831 3040; x_wconf 86' lang='lat' dir='ltr'><strong>u.</strong></span> <span class='ocrx_word' id='word_1_223' title='bbox 843 3005 914 3041; x_wconf 83' lang='lat' dir='ltr'><strong>cocta</strong></span> <span class='ocrx_word' id='word_1_224' title='bbox 925 2992 1034 3048; x_wconf 85' lang='lat' dir='ltr'><strong>cibaria,</strong></span> <span class='ocrx_word' id='word_1_225' title='bbox 1050 3003 1098 3040; x_wconf 86' lang='lat' dir='ltr'><strong>etc.</strong></span> <span class='ocrx_word' id='word_1_226' title='bbox 1112 2992 1179 3051; x_wconf 84' lang='lat' dir='ltr'><strong>conj.</strong></span> <span class='ocrx_word' id='word_1_227' title='bbox 1192 2993 1251 3039; x_wconf 84' lang='lat' dir='ltr'><strong>Dra-</strong></span> 
     </span>
     <span class='ocr_line' id='line_1_27' title="bbox 190 3058 1251 3141; baseline -0.007 -17"><span class='ocrx_word' id='word_1_228' title='bbox 190 3088 334 3140; x_wconf 87' lang='lat' dir='ltr'><strong>monetque,</strong></span> <span class='ocrx_word' id='word_1_229' title='bbox 344 3078 370 3124; x_wconf 93' lang='lat' dir='ltr'><strong>in</strong></span> <span class='ocrx_word' id='word_1_230' title='bbox 380 3094 446 3140; x_wconf 85' lang='lat' dir='ltr'><strong>seqq.</strong></span> <span class='ocrx_word' id='word_1_231' title='bbox 453 3093 498 3141; x_wconf 87' lang='lat' dir='ltr'><strong>per</strong></span> <span class='ocrx_word' id='word_1_232' title='bbox 504 3087 585 3141; x_wconf 82' lang='lat' dir='ltr'><strong>partes</strong></span> <span class='ocrx_word' id='word_1_233' title='bbox 595 3077 700 3131; x_wconf 82' lang='lat' dir='ltr'><strong>narrari,</strong></span> <span class='ocrx_word' id='word_1_234' title='bbox 743 3071 817 3119; x_wconf 78' lang='lat' dir='ltr'><strong>lienb.</strong></span> <span class='ocrx_word' id='word_1_235' title='bbox 826 3075 909 3119; x_wconf 77' lang='lat' dir='ltr'><strong>—Ex</strong></span> <span class='ocrx_word' id='word_1_236' title='bbox 920 3058 1064 3135; x_wconf 73' lang='lat' dir='ltr'><strong>propinquis</strong></span> <span class='ocrx_word' id='word_1_237' title='bbox 1075 3071 1140 3118; x_wconf 83' lang='lat' dir='ltr'><strong>silvis</strong></span> <span class='ocrx_word' id='word_1_238' title='bbox 1151 3067 1194 3119; x_wconf 60' lang='lat' dir='ltr'><strong>m,</strong></span> <span class='ocrx_word' id='word_1_239' title='bbox 1204 3073 1251 3118; x_wconf 91' lang='lat' dir='ltr'><strong>Or·</strong></span> 
     </span>
     <span class='ocr_line' id='line_1_28' title="bbox 190 3151 1251 3218; baseline -0.005 -16"><span class='ocrx_word' id='word_1_240' title='bbox 190 3172 238 3218; x_wconf 86' lang='lat' dir='ltr'><strong>qua</strong></span> <span class='ocrx_word' id='word_1_241' title='bbox 247 3158 340 3204; x_wconf 86' lang='lat' dir='ltr'><strong>ratione</strong></span> <span class='ocrx_word' id='word_1_242' title='bbox 350 3153 604 3204; x_wconf 76' lang='lat' dir='ltr'><strong>saluti&#39;l&#39;hessalonicae</strong></span> <span class='ocrx_word' id='word_1_243' title='bbox 615 3165 639 3201; x_wconf 83' lang='lat' dir='ltr'><strong>et</strong></span> <span class='ocrx_word' id='word_1_244' title='bbox 650 3167 699 3200; x_wconf 80' lang='lat' dir='ltr'><strong>orae</strong></span> <span class='ocrx_word' id='word_1_245' title='bbox 744 3167 785 3200; x_wconf 86' lang='lat' dir='ltr'><strong>sus</strong></span> <span class='ocrx_word' id='word_1_246' title='bbox 802 3163 853 3200; x_wconf 84' lang='lat' dir='ltr'><strong>erat</strong></span> <span class='ocrx_word' id='word_1_247' title='bbox 866 3153 949 3200; x_wconf 84' lang='lat' dir='ltr'><strong>livius</strong></span> <span class='ocrx_word' id='word_1_248' title='bbox 965 3151 1060 3208; x_wconf 84' lang='lat' dir='ltr'><strong>dicere,</strong></span> <span class='ocrx_word' id='word_1_249' title='bbox 1078 3167 1133 3216; x_wconf 82' lang='lat' dir='ltr'><strong>quai</strong></span> <span class='ocrx_word' id='word_1_250' title='bbox 1151 3151 1251 3198; x_wconf 81' lang='lat' dir='ltr'><strong>Perseus</strong></span> 
     </span>
    </p>
   </div>
   <div class='ocr_carea' id='block_1_4' title="bbox 189 3229 1285 3375">
    <p class='ocr_par' dir='ltr' id='par_1_4' title="bbox 189 3229 1285 3375">
     <span class='ocr_line' id='line_1_29' title="bbox 189 3229 1285 3302; baseline -0.005 -20"><span class='ocrx_word' id='word_1_251' title='bbox 189 3235 316 3296; x_wconf 70' lang='lat' dir='ltr'><strong>mapitimae</strong></span> <span class='ocrx_word' id='word_1_252' title='bbox 336 3236 464 3302; x_wconf 74' lang='lat' dir='ltr'><strong>consulere</strong></span> <span class='ocrx_word' id='word_1_253' title='bbox 479 3235 580 3282; x_wconf 81' lang='lat' dir='ltr'><strong>Perseus</strong></span> <span class='ocrx_word' id='word_1_254' title='bbox 598 3244 698 3282; x_wconf 81' lang='lat' dir='ltr'><strong>conatus</strong></span> <span class='ocrx_word' id='word_1_255' title='bbox 742 3232 826 3279; x_wconf 85' lang='lat' dir='ltr'><strong>rexad</strong></span> <span class='ocrx_word' id='word_1_256' title='bbox 834 3231 1047 3282; x_wconf 79' lang='lat' dir='ltr'><strong>samamadveutus</strong></span> <span class='ocrx_word' id='word_1_257' title='bbox 1057 3230 1164 3278; x_wconf 82' lang='lat' dir='ltr'><strong>consulis</strong></span> <span class='ocrx_word' id='word_1_258' title='bbox 1173 3229 1253 3288; x_wconf 83' lang='lat' dir='ltr'><strong>Paulli</strong></span> <span class='ocrx_word' id='word_1_259' title='bbox 1283 3277 1285 3284; x_wconf 85' lang='grc'>,</span> 
     </span>
     <span class='ocr_line' id='line_1_30' title="bbox 190 3303 1252 3375; baseline 0.002 -24"><span class='ocrx_word' id='word_1_260' title='bbox 190 3305 229 3352; x_wconf 84' lang='lat' dir='ltr'><strong>sit.</strong></span> <span class='ocrx_word' id='word_1_261' title='bbox 245 3306 398 3356; x_wconf 83' lang='lat' dir='ltr'><strong>Probabilior</strong></span> <span class='ocrx_word' id='word_1_262' title='bbox 410 3317 447 3356; x_wconf 86' lang='lat' dir='ltr'><strong>est</strong></span> <span class='ocrx_word' id='word_1_263' title='bbox 460 3305 597 3354; x_wconf 84' lang='lat' dir='ltr'><strong>emendatio</strong></span> <span class='ocrx_word' id='word_1_264' title='bbox 609 3303 698 3352; x_wconf 87' lang='lat' dir='ltr'><strong>Roellii</strong></span> <span class='ocrx_word' id='word_1_265' title='bbox 742 3323 862 3375; x_wconf 39' lang='lat' dir='ltr'><strong>param„</strong></span> <span class='ocrx_word' id='word_1_266' title='bbox 872 3313 940 3372; x_wconf 64' lang='lat' dir='ltr'><strong>cujus</strong></span> <span class='ocrx_word' id='word_1_267' title='bbox 952 3309 1097 3358; x_wconf 69' lang='lat' dir='ltr'><strong>narrationis</strong></span> <span class='ocrx_word' id='word_1_268' title='bbox 1107 3325 1163 3372; x_wconf 80' lang='lat' dir='ltr'><strong>pars</strong></span> <span class='ocrx_word' id='word_1_269' title='bbox 1174 3319 1252 3356; x_wconf 72' lang='lat' dir='ltr'><strong>exne-</strong></span> 
     </span>
    </p>
   </div>
   <div class='ocr_carea' id='block_1_5' title="bbox 182 3383 1250 4167">
    <p class='ocr_par' dir='ltr' id='par_1_5' title="bbox 182 3383 1250 3849">
     <span class='ocr_line' id='line_1_31' title="bbox 182 3383 1250 3464; baseline -0.005 -34"><span class='ocrx_word' id='word_1_270' title='bbox 182 3394 215 3432; x_wconf 72' lang='lat'><strong>&#39;08</strong></span> <span class='ocrx_word' id='word_1_271' title='bbox 225 3385 331 3447; x_wconf 67' lang='lat' dir='ltr'><strong>periculi</strong></span> <span class='ocrx_word' id='word_1_272' title='bbox 345 3388 469 3438; x_wconf 64' lang='lat' dir='ltr'><strong>maritima</strong></span> <span class='ocrx_word' id='word_1_273' title='bbox 486 3402 532 3434; x_wconf 76' lang='lat' dir='ltr'><strong>ora</strong></span> <span class='ocrx_word' id='word_1_274' title='bbox 549 3383 698 3464; x_wconf 50' lang='lat' dir='ltr'><strong>ilabebat—p</strong></span> <span class='ocrx_word' id='word_1_275' title='bbox 742 3407 781 3440; x_wconf 73' lang='lat' dir='ltr'><strong>ma</strong></span> <span class='ocrx_word' id='word_1_276' title='bbox 791 3391 929 3450; x_wconf 63' lang='lat' dir='ltr'><strong>interpidit‚</strong></span> <span class='ocrx_word' id='word_1_277' title='bbox 942 3405 990 3438; x_wconf 79' lang='lat' dir='ltr'><strong>una</strong></span> <span class='ocrx_word' id='word_1_278' title='bbox 1003 3405 1059 3438; x_wconf 69' lang='lat' dir='ltr'><strong>cum</strong></span> <span class='ocrx_word' id='word_1_279' title='bbox 1070 3388 1141 3436; x_wconf 77' lang='lat' dir='ltr'><strong>initio</strong></span> <span class='ocrx_word' id='word_1_280' title='bbox 1153 3389 1250 3452; x_wconf 57' lang='lat' dir='ltr'><strong>exposi-</strong></span> 
     </span>
     <span class='ocr_line' id='line_1_32' title="bbox 191 3464 1250 3532; baseline 0.003 -22"><span class='ocrx_word' id='word_1_281' title='bbox 191 3464 447 3530; x_wconf 84' lang='lat' dir='ltr'><strong>UtriusqueDoering.</strong></span> <span class='ocrx_word' id='word_1_282' title='bbox 457 3464 651 3515; x_wconf 84' lang='lat' dir='ltr'><strong>emendationem</strong></span> <span class='ocrx_word' id='word_1_283' title='bbox 661 3481 698 3512; x_wconf 85' lang='lat' dir='ltr'><strong>re·</strong></span> <span class='ocrx_word' id='word_1_284' title='bbox 741 3470 815 3520; x_wconf 82' lang='lat' dir='ltr'><strong>tionis</strong></span> <span class='ocrx_word' id='word_1_285' title='bbox 829 3471 894 3530; x_wconf 84' lang='lat' dir='ltr'><strong>ojus,</strong></span> <span class='ocrx_word' id='word_1_286' title='bbox 906 3485 970 3532; x_wconf 84' lang='lat' dir='ltr'><strong>qua,</strong></span> <span class='ocrx_word' id='word_1_287' title='bbox 983 3484 1038 3531; x_wconf 74' lang='lat' dir='ltr'><strong>qua</strong></span> <span class='ocrx_word' id='word_1_288' title='bbox 1053 3467 1150 3518; x_wconf 85' lang='lat' dir='ltr'><strong>Paullus</strong></span> <span class='ocrx_word' id='word_1_289' title='bbox 1168 3466 1250 3514; x_wconf 87' lang='lat' dir='ltr'><strong>moliri</strong></span> 
     </span>
     <span class='ocr_line' id='line_1_33' title="bbox 189 3542 1249 3612; baseline 0.002 -22"><span class='ocrx_word' id='word_1_290' title='bbox 189 3542 288 3605; x_wconf 84' lang='lat' dir='ltr'><strong>pudiat,</strong></span> <span class='ocrx_word' id='word_1_291' title='bbox 303 3555 328 3592; x_wconf 83' lang='lat' dir='ltr'><strong>et</strong></span> <span class='ocrx_word' id='word_1_292' title='bbox 346 3544 484 3593; x_wconf 85' lang='lat' dir='ltr'><strong>difficultati</strong></span> <span class='ocrx_word' id='word_1_293' title='bbox 499 3546 554 3606; x_wconf 83' lang='lat' dir='ltr'><strong>jure</strong></span> <span class='ocrx_word' id='word_1_294' title='bbox 575 3556 648 3592; x_wconf 77' lang='lat' dir='ltr'><strong>motae</strong></span> <span class='ocrx_word' id='word_1_295' title='bbox 665 3544 698 3592; x_wconf 88' lang='lat' dir='ltr'><strong>le·</strong></span> <span class='ocrx_word' id='word_1_296' title='bbox 741 3549 829 3612; x_wconf 75' lang='lat' dir='ltr'><strong>coepit,</strong></span> <span class='ocrx_word' id='word_1_297' title='bbox 852 3549 894 3596; x_wconf 88' lang='lat' dir='ltr'><strong>uhi</strong></span> <span class='ocrx_word' id='word_1_298' title='bbox 916 3548 943 3594; x_wconf 92' lang='lat' dir='ltr'><strong>in</strong></span> <span class='ocrx_word' id='word_1_299' title='bbox 969 3545 1139 3596; x_wconf 84' lang='lat' dir='ltr'><strong>Macedoniam</strong></span> <span class='ocrx_word' id='word_1_300' title='bbox 1165 3561 1249 3608; x_wconf 86' lang='lat' dir='ltr'><strong>perve-</strong></span> 
     </span>
     <span class='ocr_line' id='line_1_34' title="bbox 190 3621 1248 3694; baseline 0.003 -26"><span class='ocrx_word' id='word_1_301' title='bbox 190 3621 260 3670; x_wconf 87' lang='lat' dir='ltr'><strong>uiore</strong></span> <span class='ocrx_word' id='word_1_302' title='bbox 269 3624 364 3672; x_wconf 86' lang='lat' dir='ltr'><strong>ratione</strong></span> <span class='ocrx_word' id='word_1_303' title='bbox 375 3625 482 3673; x_wconf 84' lang='lat' dir='ltr'><strong>succurri</strong></span> <span class='ocrx_word' id='word_1_304' title='bbox 495 3638 566 3687; x_wconf 81' lang='lat' dir='ltr'><strong>posse</strong></span> <span class='ocrx_word' id='word_1_305' title='bbox 577 3634 657 3686; x_wconf 76' lang='lat' dir='ltr'><strong>putat,</strong></span> <span class='ocrx_word' id='word_1_306' title='bbox 668 3624 695 3681; x_wconf 89' lang='lat' dir='ltr'><strong>si,</strong></span> <span class='ocrx_word' id='word_1_307' title='bbox 740 3629 790 3686; x_wconf 81' lang='lat' dir='ltr'><strong>nit,</strong></span> <span class='ocrx_word' id='word_1_308' title='bbox 805 3628 905 3694; x_wconf 82' lang='lat' dir='ltr'><strong>prodit:</strong></span> <span class='ocrx_word' id='word_1_309' title='bbox 917 3626 1002 3691; x_wconf 88' lang='lat' dir='ltr'><strong>primis</strong></span> <span class='ocrx_word' id='word_1_310' title='bbox 1011 3637 1090 3677; x_wconf 82' lang='lat' dir='ltr'><strong>autem</strong></span> <span class='ocrx_word' id='word_1_311' title='bbox 1102 3626 1141 3674; x_wconf 86' lang='lat' dir='ltr'><strong>his</strong></span> <span class='ocrx_word' id='word_1_312' title='bbox 1155 3625 1248 3683; x_wconf 82' lang='lat' dir='ltr'><strong>verbis,</strong></span> 
     </span>
     <span class='ocr_line' id='line_1_35' title="bbox 190 3699 1249 3774; baseline 0.003 -27"><span class='ocrx_word' id='word_1_313' title='bbox 190 3716 237 3763; x_wconf 88' lang='lat' dir='ltr'><strong>pro</strong></span> <span class='ocrx_word' id='word_1_314' title='bbox 255 3699 362 3748; x_wconf 79' lang='lat' dir='ltr'><strong>habebat</strong></span> <span class='ocrx_word' id='word_1_315' title='bbox 378 3702 521 3765; x_wconf 85' lang='lat' dir='ltr'><strong>simpliciter</strong></span> <span class='ocrx_word' id='word_1_316' title='bbox 539 3703 633 3764; x_wconf 84' lang='lat' dir='ltr'><strong>legatur</strong></span> <span class='ocrx_word' id='word_1_317' title='bbox 652 3702 697 3748; x_wconf 83' lang='lat' dir='ltr'><strong>lra-</strong></span> <span class='ocrx_word' id='word_1_318' title='bbox 736 3709 859 3770; x_wconf 77' lang='lat' dir='ltr'><strong>postremo</strong></span> <span class='ocrx_word' id='word_1_319' title='bbox 871 3706 940 3774; x_wconf 77' lang='lat' dir='ltr'><strong>sequi</strong></span> <span class='ocrx_word' id='word_1_320' title='bbox 954 3721 979 3753; x_wconf 80' lang='lat' dir='ltr'><strong>sa</strong></span> <span class='ocrx_word' id='word_1_321' title='bbox 994 3705 1101 3757; x_wconf 65' lang='lat' dir='ltr'><strong>retrario:</strong></span> <span class='ocrx_word' id='word_1_322' title='bbox 1119 3705 1156 3752; x_wconf 86' lang='lat' dir='ltr'><strong>ad</strong></span> <span class='ocrx_word' id='word_1_323' title='bbox 1165 3719 1249 3759; x_wconf 73' lang='lat' dir='ltr'><strong>mare,</strong></span> 
     </span>
     <span class='ocr_line' id='line_1_36' title="bbox 190 3778 1249 3849; baseline 0.004 -23"><span class='ocrx_word' id='word_1_324' title='bbox 190 3778 286 3828; x_wconf 79' lang='lat' dir='ltr'><strong>habant.</strong></span> <span class='ocrx_word' id='word_1_325' title='bbox 299 3782 344 3829; x_wconf 79' lang='lat' dir='ltr'><strong>Eu.</strong></span> <span class='ocrx_word' id='word_1_326' title='bbox 740 3785 945 3849; x_wconf 83' lang='lat' dir='ltr'><strong>quemadmodum</strong></span> <span class='ocrx_word' id='word_1_327' title='bbox 956 3785 1065 3848; x_wconf 83' lang='lat' dir='ltr'><strong>inopiam</strong></span> <span class='ocrx_word' id='word_1_328' title='bbox 1080 3797 1195 3847; x_wconf 77' lang='lat' dir='ltr'><strong>aquaram</strong></span> <span class='ocrx_word' id='word_1_329' title='bbox 1214 3783 1249 3830; x_wconf 82' lang='lat' dir='ltr'><strong>la-</strong></span> 
     </span>
    </p>

    <p class='ocr_par' dir='ltr' id='par_1_6' title="bbox 191 3858 1250 4008">
     <span class='ocr_line' id='line_1_37' title="bbox 227 3858 1250 3930; baseline 0.007 -27"><span class='ocrx_word' id='word_1_330' title='bbox 227 3865 252 3910; x_wconf 75' lang='lat' dir='ltr'><strong>t.</strong></span> <span class='ocrx_word' id='word_1_331' title='bbox 275 3860 384 3905; x_wconf 86' lang='lat' dir='ltr'><strong>Duorum</strong></span> <span class='ocrx_word' id='word_1_332' title='bbox 405 3858 507 3906; x_wconf 84' lang='lat' dir='ltr'><strong>millium</strong></span> <span class='ocrx_word' id='word_1_333' title='bbox 524 3871 695 3919; x_wconf 63' lang='lat' dir='ltr'><strong>caetratorum</strong></span> <span class='ocrx_word' id='word_1_334' title='bbox 740 3866 832 3914; x_wconf 80' lang='lat' dir='ltr'><strong>raverit</strong></span> <span class='ocrx_word' id='word_1_335' title='bbox 842 3867 867 3914; x_wconf 88' lang='lat' dir='ltr'><strong>in</strong></span> <span class='ocrx_word' id='word_1_336' title='bbox 878 3865 986 3930; x_wconf 83' lang='lat' dir='ltr'><strong>Olympo</strong></span> <span class='ocrx_word' id='word_1_337' title='bbox 995 3863 1185 3923; x_wconf 83' lang='lat' dir='ltr'><strong>moute,tradit.</strong></span> <span class='ocrx_word' id='word_1_338' title='bbox 1200 3863 1250 3912; x_wconf 83' lang='lat' dir='ltr'><strong>Cae-</strong></span> 
     </span>
     <span class='ocr_line' id='line_1_38' title="bbox 191 3935 1248 4008; baseline 0.008 -26"><span class='ocrx_word' id='word_1_339' title='bbox 191 3935 245 3983; x_wconf 86' lang='lat' dir='ltr'><strong>vide</strong></span> <span class='ocrx_word' id='word_1_340' title='bbox 257 3936 288 3982; x_wconf 82' lang='lat' dir='ltr'><strong>ad</strong></span> <span class='ocrx_word' id='word_1_341' title='bbox 302 3939 432 4008; x_wconf 69' lang='lat' dir='ltr'><strong>XXIm,</strong></span> <span class='ocrx_word' id='word_1_342' title='bbox 441 3953 466 3984; x_wconf 92' lang='lat' dir='ltr'><strong>n.</strong></span> <span class='ocrx_word' id='word_1_343' title='bbox 479 3939 504 3985; x_wconf 77' lang='lat' dir='ltr'><strong>o.</strong></span> <span class='ocrx_word' id='word_1_344' title='bbox 686 3951 687 3956; x_wconf 77' lang='grc'>’</span> <span class='ocrx_word' id='word_1_345' title='bbox 740 3956 816 3995; x_wconf 81' lang='lat' dir='ltr'><strong>terum</strong></span> <span class='ocrx_word' id='word_1_346' title='bbox 828 3943 896 4008; x_wconf 88' lang='lat' dir='ltr'><strong>qood</strong></span> <span class='ocrx_word' id='word_1_347' title='bbox 913 3944 953 3992; x_wconf 88' lang='lat' dir='ltr'><strong>hic</strong></span> <span class='ocrx_word' id='word_1_348' title='bbox 968 3943 1079 3992; x_wconf 79' lang='lat' dir='ltr'><strong>dedimus</strong></span> <span class='ocrx_word' id='word_1_349' title='bbox 1094 3941 1248 4006; x_wconf 83' lang='lat' dir='ltr'><strong>supplemen-</strong></span> 
     </span>
    </p>

    <p class='ocr_par' dir='ltr' id='par_1_7' title="bbox 190 4014 1248 4167">
     <span class='ocr_line' id='line_1_39' title="bbox 227 4014 1248 4084; baseline 0.006 -24"><span class='ocrx_word' id='word_1_350' title='bbox 227 4015 250 4061; x_wconf 81' lang='lat'><strong>5.</strong></span> <span class='ocrx_word' id='word_1_351' title='bbox 262 4014 344 4076; x_wconf 74' lang='lat' dir='ltr'><strong>Pythii</strong></span> <span class='ocrx_word' id='word_1_352' title='bbox 353 4027 377 4062; x_wconf 87' lang='lat' dir='ltr'><strong>et</strong></span> <span class='ocrx_word' id='word_1_353' title='bbox 388 4019 479 4071; x_wconf 70' lang='lat' dir='ltr'><strong>Petro,</strong></span> <span class='ocrx_word' id='word_1_354' title='bbox 490 4028 535 4063; x_wconf 87' lang='lat' dir='ltr'><strong>etc.</strong></span> <span class='ocrx_word' id='word_1_355' title='bbox 549 4019 614 4064; x_wconf 72' lang='lat' dir='ltr'><strong>conl,</strong></span> <span class='ocrx_word' id='word_1_356' title='bbox 630 4019 694 4068; x_wconf 82' lang='lat' dir='ltr'><strong>Plut.</strong></span> <span class='ocrx_word' id='word_1_357' title='bbox 740 4035 807 4084; x_wconf 87' lang='lat' dir='ltr'><strong>tum,</strong></span> <span class='ocrx_word' id='word_1_358' title='bbox 819 4041 832 4072; x_wconf 86' lang='lat' dir='ltr'><strong>a</strong></span> <span class='ocrx_word' id='word_1_359' title='bbox 847 4025 960 4074; x_wconf 81' lang='lat' dir='ltr'><strong>Creverio</strong></span> <span class='ocrx_word' id='word_1_360' title='bbox 974 4024 1146 4074; x_wconf 79' lang='lat' dir='ltr'><strong>concinnatum</strong></span> <span class='ocrx_word' id='word_1_361' title='bbox 1155 4032 1210 4079; x_wconf 85' lang='lat' dir='ltr'><strong>est,</strong></span> <span class='ocrx_word' id='word_1_362' title='bbox 1224 4031 1248 4066; x_wconf 83' lang='lat' dir='ltr'><strong>ot</strong></span> 
     </span>
     <span class='ocr_line' id='line_1_40' title="bbox 190 4096 1248 4167; baseline 0.006 -25"><span class='ocrx_word' id='word_1_363' title='bbox 190 4096 269 4144; x_wconf 82' lang='lat' dir='ltr'><strong>AEmil.</strong></span> <span class='ocrx_word' id='word_1_364' title='bbox 284 4110 339 4159; x_wconf 74' lang='lat' dir='ltr'><strong>pag.</strong></span> <span class='ocrx_word' id='word_1_365' title='bbox 356 4097 422 4156; x_wconf 78' lang='lat'><strong>262,</strong></span> <span class='ocrx_word' id='word_1_366' title='bbox 436 4096 500 4144; x_wconf 83' lang='lat' dir='ltr'><strong>undo</strong></span> <span class='ocrx_word' id='word_1_367' title='bbox 516 4097 599 4159; x_wconf 79' lang='lat' dir='ltr'><strong>Sigon.</strong></span> <span class='ocrx_word' id='word_1_368' title='bbox 616 4099 696 4158; x_wconf 75' lang='lat' dir='ltr'><strong>Pythii</strong></span> <span class='ocrx_word' id='word_1_369' title='bbox 739 4104 774 4150; x_wconf 81' lang='lat' dir='ltr'><strong>sic</strong></span> <span class='ocrx_word' id='word_1_370' title='bbox 783 4107 807 4150; x_wconf 85' lang='lat' dir='ltr'><strong>in</strong></span> <span class='ocrx_word' id='word_1_371' title='bbox 817 4102 973 4167; x_wconf 82' lang='lat' dir='ltr'><strong>sequentihus</strong></span> <span class='ocrx_word' id='word_1_372' title='bbox 983 4117 1080 4165; x_wconf 82' lang='lat' dir='ltr'><strong>quoque</strong></span> <span class='ocrx_word' id='word_1_373' title='bbox 1095 4101 1248 4164; x_wconf 54' lang='lat' dir='ltr'><strong>supplement</strong></span> 
     </span>
    </p>
   </div>
   <div class='ocr_carea' id='block_1_6' title="bbox 0 0 1496 4706">
    <p class='ocr_par' dir='ltr' id='par_1_8' title="bbox 0 0 1496 4706">
     <span class='ocr_line' id='line_1_41' title="bbox 0 0 1496 4706; baseline 0 2"><span class='ocrx_word' id='word_1_374' title='bbox 0 0 1496 4706; x_wconf 95' lang='lat' dir='ltr'><strong> </strong></span> 
     </span>
    </p>
   </div>
  </div>
 </body>
</html>
