2972 4720
271 389 314 458 aa
697 383 740 468 r.
775 384 913 455 nrvu
1189 369 1311 472 atat:

270 533 378 607 quam
397 507 562 592 honesti,
583 527 667 578 cura
681 520 780 591 erat,
798 521 839 575 ut
858 505 1157 603 comprobaretur
1175 511 1276 606 prior
1290 512 1335 606 le-

269 619 366 717 gatio
385 618 527 701 Marcii,
546 631 581 686 et
599 615 727 686 eodem
742 640 868 685 rursus
882 619 920 685 in
938 618 1110 686 Graeciam
1130 643 1214 688 cum
1228 624 1333 717 quin·

269 723 503 826 queremibus
522 728 766 797 remitteretur
776 729 803 811 ⁴,
825 725 1089 824 iubereturque
1112 744 1260 820 caetera,
1282 734 1335 803 uti

269 861 288 908 e
313 836 500 934 republica
525 839 679 906 maxime
697 838 815 907 visum
842 851 955 923 esset,
981 861 1095 934 agere.
1123 847 1163 910 A.
1187 865 1335 938 quoque

269 947 416 1020 Atilium
435 947 611 1016 miserunt
631 944 677 1015 ad
702 945 948 1043 occupandam
970 949 1144 1018 Larissam
1168 950 1205 1017 in
1225 950 1333 1022 Thes-

269 1058 373 1143 salia,
395 1059 582 1140 timentes,
599 1077 663 1140 ne,
683 1057 712 1125 si
731 1055 955 1127 induciarum
976 1055 1052 1128 dies
1071 1061 1201 1128 exisset
1212 1057 1239 1146 ⁵,
1253 1065 1335 1132 Per·

268 1193 369 1254 scus,
387 1166 550 1265 praesidio
569 1191 613 1236 eo
631 1167 759 1251 misso,
779 1179 887 1263 caput
905 1165 1092 1236 Tlressaliae
1108 1168 1145 1236 in
1159 1182 1334 1264 potestate

266 1276 425 1348 baberet.
458 1281 542 1346 Duo
569 1274 679 1344 millia
706 1274 869 1373 peditum
896 1275 1023 1346 Atilius
1045 1275 1091 1346 ab
1115 1281 1179 1348 Cn.
1203 1279 1333 1350 Sicinio

266 1391 427 1485 accipere
446 1387 491 1458 ad
511 1403 589 1459 eam
608 1403 685 1456 rem
704 1385 878 1482 agendam
891 1385 1022 1479 jussus.
1043 1391 1087 1456 Et
1104 1392 1142 1457 P.
1162 1388 1332 1480 Lentulo,

265 1501 329 1594 qui
345 1523 389 1568 ex
405 1497 537 1568 Achaia
552 1495 727 1598 redierat,
746 1498 899 1568 trecenti
916 1496 1047 1568 milites
1064 1498 1171 1568 italici
1193 1502 1333 1595 generis

264 1606 359 1692 dati,
379 1621 422 1676 ut
438 1604 571 1698 Thebis
590 1603 691 1676 daret
706 1629 873 1701 operam,
894 1621 936 1676 ut
952 1607 991 1675 in
1007 1614 1183 1702 potestate
1197 1611 1334 1680 Boeotia

265 1731 368 1789 esset.

312 1829 469 1897 XLVIII.
490 1825 552 1894 His
568 1823 794 1920 praeparatis,
814 1847 1023 1919 quanquam
1041 1824 1087 1906 ad
1101 1822 1239 1896 bellum
1254 1851 1334 1898 con-

264 1938 341 2006 silia
364 1947 467 2004 erant
485 1932 675 2020 destinata,
695 1945 858 2003 senatum
878 1947 1000 2004 tamen
1017 1934 1191 2033 praeberi1
1213 1936 1334 2036 legatis

264 2043 408 2143 placuit.
429 2040 563 2114 Eadem
588 2039 685 2122 fere,
711 2066 792 2137 quae
812 2043 849 2111 in
868 2042 1051 2140 colloquio
1071 2044 1116 2115 ab
1135 2069 1220 2143 rege
1241 2047 1333 2118 dicta

265 2166 385 2239 erant,
406 2151 517 2221 relata
536 2146 581 2220 ab
600 2149 733 2247 legatis.
754 2151 969 2222 Insidiarum
988 2156 1141 2223 Eumeni
1160 2152 1332 2227 factarum

265 2263 401 2334 crimen
421 2274 458 2329 et
475 2261 630 2330 maxima
649 2283 755 2349 cura,
775 2275 811 2330 et
831 2247 978 2333 minime
1000 2276 1122 2334 tamen
1141 2263 1333 2362 probabili-

264 2389 320 2442 ter
340 2367 555 2466 (manifesta
572 2371 667 2441 enim
687 2389 744 2442 res
762 2373 878 2467 erat),
900 2371 1099 2444 defensum.
1118 2379 1253 2447 Caetera
1271 2378 1332 2448 de·

264 2483 423 2582 precatio
446 2491 572 2552 erat²:
597 2473 658 2564 sed
685 2505 760 2580 non
779 2479 829 2552 eis
850 2483 977 2551 animis
995 2482 1251 2572 audiebantur,
1267 2487 1333 2584 qui

264 2607 326 2663 aut
345 2591 488 2679 doceri,
508 2606 570 2660 aut
594 2591 692 2666 flecti
710 2606 868 2689 possent,
889 2591 1176 2664 Denuntiatum-³
1197 2610 1332 2666 extem-

264 2702 327 2799 plo
354 2699 536 2771 moenibus
562 2698 663 2770 urbis
689 2706 831 2789 Romae,
858 2700 959 2771 Italia
987 2703 1081 2772 intra
1108 2705 1332 2801 trigesimum

264 2813 361 2882 diem
380 2809 607 2882 excederent.
628 2814 665 2879 P.
688 2811 825 2882 Licinio
846 2810 980 2880 deinde
1001 2811 1158 2901 consuli,
1179 2816 1237 2884 cui
1254 2820 1331 2886 Ma-

301 3027 324 3074 4.
337 3015 431 3063 Eodem
441 3030 522 3062 rursus
532 3014 557 3062 ire
568 3014 690 3062 Graeciam
700 3015 777 3062 remit·
820 3013 890 3080 (vide
902 3013 932 3060 ad
941 3011 1012 3070 VIII,
1027 3013 1042 3060 5
1048 3047 1055 3070 ‚
1064 3000 1089 3061 n.
1103 3012 1127 3078 1)
1141 3015 1228 3080 legatis
1236 3016 1332 3073 Persei,

265 3107 356 3144 teretur
362 3112 374 3151 ,·
396 3093 494 3142 vidend
508 3096 545 3149 ΙΙ,
568 3094 613 3152 45,
628 3110 654 3142 n.
668 3109 708 3140 ro.
728 3095 775 3140 Pro
820 3103 867 3140 etc.
876 3092 911 3139 cl.
925 3090 1013 3154 Polyb.
1025 3094 1137 3152 xxvtt,
1150 3107 1174 3154 7,
1187 3105 1212 3141 et
1222 3096 1330 3158 Appian.

263 3175 350 3223 ecdem
359 3189 453 3236 semper
461 3171 591 3234 legendum
599 3174 685 3236 putavi
696 3171 777 3229 idem,·
820 3171 915 3220 Maced.
936 3173 996 3225 Exc.
1015 3172 1064 3229 tx,
1083 3171 1108 3218 6.
1119 3173 1177 3220 Vox
1192 3173 1275 3222 Persei
1290 3185 1332 3221 eut

264 3253 415 3317 quodetiam
429 3249 561 3309 conjecisse
573 3250 646 3298 rideo
657 3253 718 3299 Ant.
733 3253 776 3299 Pc-
820 3250 882 3314 regis
895 3249 1014 3303 excidisse
1026 3250 1197 3298 videtur—Iu
1209 3252 1330 3316 colloquio

264 3334 307 3379 riri.
317 3333 399 3378 Voces
417 3328 441 3376 iri
456 3327 578 3376 Graeciam
596 3345 610 3376 a
624 3329 686 3376 mala
703 3345 776 3377 runnu
821 3329 853 3376 ab
865 3344 920 3394 rege
929 3328 1013 3385 dicta,·
1024 3329 1090 3377 conf.
1101 3345 1154 3393 cap.
1166 3329 1251 3384 38-43.

263 3410 359 3459 additae
375 3423 440 3468 esee,
450 3417 475 3454 et
485 3423 612 3455 numerum
629 3409 776 3472 quinqueni·
856 3425 881 3456 a.
892 3409 987 3456 Cretera
998 3407 1136 3472 deprecatio
1148 3419 1220 3466 erat,·
1231 3410 1288 3458 vide
1300 3410 1332 3458 ad

264 3491 339 3538 mium
350 3486 484 3547 excidisse,
495 3487 667 3536 existimabant
675 3486 745 3536 nuk
752 3499 777 3536 et
820 3489 942 3546 xxm,
957 3487 1006 3544 34,
1019 3503 1045 3534 n.
1061 3502 1083 3532 1.

265 3569 362 3617 Crever.
376 3568 468 3613 Decem
483 3565 669 3628 quinqueremes
681 3566 776 3612 Marcio
857 3567 881 3612 3.
896 3564 1071 3612 Denuntiatum
1086 3565 1172 3629 legatie
1187 3568 1285 3625 Persei,
1304 3579 1332 3616 ut

264 3649 368 3697 tributas
387 3645 478 3705 fuisset,
495 3661 526 3691 ex
545 3660 599 3707 cap.
623 3660 655 3704 ²7
682 3656 707 3692 et
727 3645 775 3703 48,
821 3644 940 3706 extemplo
953 3645 1081 3702 moenibut,
1092 3652 1139 3692 etc.
1151 3645 1222 3694 Idem
1236 3648 1332 3695 cunctis

240 3778 243 3784 ,
265 3727 358 3790 colligit
371 3723 445 3772 Drelr.
460 3723 503 3770 sed
521 3733 546 3771 et
563 3738 616 3786 cap.
634 3724 679 3781 56,
694 3723 776 3787 simpl.
820 3721 1011 3782 Macedonibus,
1029 3723 1072 3786 qui
1091 3726 1177 3772 Romae
1198 3736 1252 3772 tum
1268 3727 1332 3774 lorte

264 3824 319 3854 eum
339 3803 440 3852 navibus
460 3801 509 3849 rlici
529 3812 620 3851 monet.
633 3829 668 3840 —-
681 3805 704 3850 E
725 3817 775 3864 rep.
820 3811 912 3858 essent,
927 3801 1095 3850 denuntiatum
1110 3813 1134 3850 et
1150 3819 1263 3867 magnam
1274 3804 1332 3852 inde

265 3881 489 3945 visrrmescetipei3
503 3880 642 3943 videaur,
656 3896 735 3941 πμ.
750 3879 775 3925 t.
819 3891 898 3927 ortam
927 3897 978 3928 csse
1005 3881 1207 3944 trepidationem,
1230 3883 1333 3932 tradunt

300 3965 326 4011 5.
339 3962 365 4009 Si
377 3959 530 4008 induciarum
542 3960 593 4009 dies
606 3960 707 4016 crissen
718 3958 775 4006 vide
818 3957 907 4023 Polyb.
917 3970 942 4007 et
950 3959 1056 4025 Appiam.
1067 3959 1093 4009 ll.
1105 3959 1131 4009 ll.
1141 3964 1232 4012 —Pro
1242 3963 1335 4010 diceret

191 4081 194 4086 ,
264 4043 358 4099 adtx,
372 4041 418 4100 34,
429 4055 454 4086 n.
470 4041 509 4087 18.
817 4036 947 4101 legendum
965 4050 1036 4104 putat
1049 4041 1123 4088 Doer.
1137 4039 1248 4090 ediceret.
1260 4043 1335 4090 Certe

300 4121 358 4169 Car.
373 4118 488 4165 XLVIII.
505 4133 527 4166 r.
542 4119 656 4164 Senatum
668 4115 775 4179 praeberi
818 4116 877 4163 alibi
893 4135 992 4182 quoque
1011 4121 1101 4168 Noster
1116 4133 1167 4166 non
1179 4117 1274 4177 dicere,
1287 4119 1332 4168 ted
