2970 4712
232 321 355 422 tica:
400 344 909 410 memacterion.
939 347 1078 414 xrnu.
1190 345 1259 441 359

206 467 375 547 Perseus,
402 462 533 531 nedum
555 461 646 533 bello
672 475 822 540 rontano
849 482 1058 560 occupatus,
1083 468 1260 541 timendus

186 575 321 660 'fuerit
351 576 540 656 Ceterum,
567 581 632 642 etsi
655 575 757 664 Cotys
775 579 896 644 Persei
908 581 1064 668 gratiam
1077 577 1259 673 praetulis-

205 697 258 750 set
274 686 442 753 amicitiae
450 682 585 777 populi
606 689 764 766 romani,
791 690 923 778 magis,
943 685 1034 779 quid
1053 712 1091 756 se
1112 683 1259 782 di'guur'n

206 806 312 876 esset,
336 815 447 886 quum
465 792 557 888 quid
572 798 696 862 merito
712 795 787 886 ejas
799 795 891 887 fieri
904 811 1045 888 posset,
1065 802 1258 868 estimatu-

206 925 309 970 rum:
326 899 446 992 filium
467 917 576 998 utque
597 901 736 972 obsides
763 909 798 971 ei
819 909 1056 975 remissurum.
1080 909 1261 1001 Beneficia

202 1016 361 1106 gratuitu
387 1035 462 1084 esse
479 1011 613 1107 populi
636 1017 800 1098 romani,
821 1020 978 1108 pretium
1006 1039 1128 1084 eorum
1154 1015 1262 1088 malle

205 1121 453 1214 relinquerem
467 1125 716 1216 accpientium
730 1127 877 1207 animis,
893 1145 1174 1218 quampraesens
1188 1132 1263 1194 eet·

203 1253 287 1323 gere
295 1230 320 1298 4.
340 1230 460 1324 Legati
479 1231 651 1300 nominati
665 1234 703 1298 T.
719 1231 887 1318 Quintius
902 1231 1138 1320 Flamininus,
1156 1239 1193 1304 C.
1210 1236 1264 1304 Li·

207 1339 320 1410 cinius
340 1343 474 1424 Nerva,
503 1343 550 1408 M.
580 1340 751 1412 Caninius
775 1338 943 1426 Rebilus,
971 1343 1033 1436 qui
1060 1339 1203 1412 obsides
1227 1345 1264 1414 in

206 1448 391 1520 Thraciam
414 1448 644 1534 reducerent;
670 1465 706 1523 et
725 1448 921 1522 Thracibus
947 1475 1096 1528 munera
1120 1451 1201 1522 data
1227 1454 1263 1520 in

207 1556 365 1652 singulos
378 1555 504 1630 binum
521 1557 670 1628 millium
689 1561 776 1632 aeris.
789 1547 902 1645 bitis,
921 1583 1003 1630 cum
1019 1562 1151 1632 ceteris
1170 1560 1262 1632 ohsi-

207 1665 313 1736 dibus
338 1692 358 1736 a
384 1666 557 1736 Carseolis
582 1669 785 1750 arcessitus,
810 1667 853 1738 ad
880 1683 1016 1765 patrem
1040 1693 1121 1738 cum
1142 1669 1264 1765 legetis

208 1777 345 1846 missus.
362 1779 475 1847 Nares
488 1776 613 1872 regiae,
627 1789 737 1874 captae
751 1775 796 1846 de
809 1777 1065 1848 Macedonibus
1081 1780 1263 1850 invisitatas

209 1900 289 1957 ante
308 1885 561 1982 magnitudinis
570 1883 595 1972 ⁵,
615 1890 651 1956 in
671 1912 798 1984 campo
817 1889 944 1958 Martio
963 1887 1147 1961 subducas
1168 1904 1262 1960 sunt.

256 2000 381 2066 XLIII.
403 2001 563 2068 Herente
588 1995 725 2080 adhuc,
752 1998 882 2066 nonin
904 1999 1029 2070 animis
1048 1997 1181 2085 modo,
1203 1999 1264 2068 sed

208 2129 308 2200 paene
323 2107 358 2176 in
373 2106 505 2188 oculis,
518 2109 690 2180 memoria
699 2107 919 2178 Macedonici
933 2107 1118 2204 triumphi,
1132 2113 1172 2184 L.
1184 2110 1266 2178 Ani·

209 2217 283 2288 cius
295 2217 535 2306 Quirinalibus
549 2217 800 2314 triumphavit¹
819 2217 863 2289 de
882 2242 965 2314 rege
979 2219 1112 2291 Gentio
1124 2219 1266 2312 Illyriis-

209 2351 289 2420 que.
303 2327 435 2399 similia
449 2329 569 2402 omnia
584 2329 695 2424 inagis
709 2329 781 2402 visa
795 2326 1018 2430 hominibus,
1031 2353 1145 2424 ‘quarn
1156 2331 1264 2424 paria.

209 2437 328 2506 Minor
344 2439 420 2534 ipse
439 2439 642 2534 imperator,
657 2452 693 2506 et
706 2435 891 2506 nobilitate
906 2437 1051 2508 Anicius
1070 2460 1151 2504 cum
1167 2439 1268 2506 AEmi.

209 2547 279 2629 lio,
297 2560 333 2616 et
346 2549 427 2639 jure
442 2547 580 2643 imperii
594 2561 723 2642 praetor
739 2571 820 2616 cum
837 2531 988 2619 consule
999 2547 1150 2620 collatus
1167 2573 1173 2612 :
1191 2557 1267 2620 nob

211 2655 360 2724 Gentius
378 2658 525 2740 Perse0,
545 2679 618 2724 non
639 2654 749 2747 Illyrii
768 2653 1042 2742 Macedonibus,
1062 2681 1135 2724 non
1154 2655 1267 2750 spolia

210 2764 350 2858 spoliis,
369 2789 443 2832 non
462 2765 614 2859 pecunia
632 2765 813 2858 pecuniae,
836 2789 910 2833 non
929 2765 1027 2834 dona
1046 2765 1150 2834 donis
1169 2789 1267 2834 com-

211 2873 327 2969 parari
346 2887 519 2964 poterant.
542 2877 665 2966 ltaque
683 2873 775 2942 sicut
792 2871 1026 2969 prefulgebat
1043 2871 1126 2942 huic
1144 2873 1268 2942 trium*-

200 2980 304 3086 'phas
322 3004 465 3067 recens3
484 2979 531 3048 ita
551 2977 743 3076 apparebat
760 2983 878 3078 ipsum
903 3006 967 3077 per
989 3007 1026 3050 se
1045 2981 1268 3052 intuentibus

248 3220 272 3266 4.
288 3213 364 3272 Quum
375 3225 482 3272 praesens
493 3207 589 3272 exigere
597 3225 607 3264 ;
615 3205 714 3268 vidend
792 3209 816 3256 5.
832 3191 965 3255 Invisitata
977 3205 1129 3271 (Romanis)
1143 3219 1201 3254 urite·
1212 3225 1265 3253 mu·

212 3293 234 3344 I,
253 3307 280 3336 12
291 3325 298 3349 ,
311 3307 336 3336 n.
349 3291 373 3337 6.
388 3316 422 3324 -
435 3289 461 3336 T.
474 3286 585 3350 Quintius
599 3285 714 3334 Flanriui-
754 3287 888 3351 gnitudinis
901 3287 987 3350 scripsi
1000 3287 1116 3336 suadente
1132 3285 1209 3334 Gron.
1221 3302 1268 3351 pro

212 3383 270 3425 nus,
287 3369 473 3431 ‹1lorteis·,qui
488 3366 626 3431 Philippum
640 3366 713 3421 vicit,
758 3365 825 3428 vulg.
839 3365 973 3422 inusitatcc,
986 3383 999 3412 a
1013 3381 1063 3430 quo
1078 3381 1127 3412 vox
1141 3377 1198 3412 ante
1210 3360 1267 3412 aiic-

212 3447 281 3505 cujns
301 3458 381 3494 tamen
398 3447 542 3510 legationem
560 3444 592 3492 ad
610 3445 715 3492 Prusiam
758 3457 842 3492 naest.
853 3445 966 3493 contat
976 3445 1109 3510 rv,33‚n.
1124 3441 1266 3502 1,ethv,

212 3523 320 3570 ultimam
334 3526 385 3584 ejus
405 3525 432 3570 in
445 3536 500 3588 toga
514 3535 539 3570 et
555 3523 626 3571 armis
640 3523 715 3571 actio-
761 3523 806 3581 35,
816 3539 841 3571 n.
855 3539 877 3568 1.
888 3549 921 3558 -—
932 3522 1077 3578 Subditum
1088 3523 1143 3569 vide
1153 3521 1267 3580 adult,

213 3617 267 3648 nem
282 3603 353 3649 fuisse
366 3602 426 3649 dicit
437 3603 500 3651 elur.
511 3603 596 3664 Quint.
609 3619 635 3666 p.
656 3603 716 3661 381,
760 3603 808 3659 26,
818 3619 843 3650 n.
859 3618 880 3650 1.

213 3688 254 3727 aut
277 3679 302 3726 C.
324 3696 369 3743 pro
393 3681 419 3728 Τ.
442 3680 576 3744 legendnm.
605 3681 629 3728 C.
655 3679 716 3727 Lici·
796 3679 955 3730 Canxffli.
971 3695 992 3726 1.
1008 3681 1033 3727 L.
1045 3676 1144 3726 Anicius
1158 3675 1267 3738 Quirina-

214 3757 267 3804 nim
282 3758 361 3805 Nerva
378 3760 458 3806 forsan
474 3771 561 3824 praeter
573 3759 645 3820 hujus
658 3760 714 3806 anni
761 3761 820 3810 tibus
833 3757 999 3822 triumphavit,
1008 3759 1027 3804 i.
1037 3775 1057 3804 e.
1071 3759 1124 3804 XII
1133 3757 1182 3804 Cal.
1192 3757 1267 3804 Mart.

215 3855 269 3901 cap.
285 3839 330 3894 16,
340 3839 360 3884 si
369 3838 456 3901 legatio
469 3822 555 3884 haec'in
567 3854 655 3884 annum
666 3855 715 3902 seq.
761 3840 833 3888 Conl.
844 3838 918 3884 Ovid.
932 3841 996 3885 Fast.
1009 3837 1104 3895 11,527
1119 3851 1154 3897 sq.
1166 3845 1190 3882 et
1205 3837 1267 3882 Fest.

214 3916 323 3963 excessit.
334 3939 345 3956 η
363 3915 435 3964 Drak.
457 3943 490 3951 -
512 3916 596 3962 Binum
617 3916 716 3964 millium
760 3919 827 3965 Idem
837 3918 937 3964 Anicius
952 3915 1059 3963 victoriae
1069 3928 1138 3961 causa
1151 3925 1267 3960 memora—

216 3994 284 4049 crris,
309 3993 438 4042 marearum
464 3995 554 4058 argenti
578 3997 718 4042 nostratium
762 3997 822 4042 biles
845 3995 920 4042 edidit
947 3993 1032 4050 ludos,
1048 3991 1082 4040 'dc
1108 3991 1195 4054 quihus
1218 3991 1269 4038 vid.

217 4075 247 4134 3,
259 4060 337 4122 urscia²
355 4089 377 4132 1,
390 4091 420 4122 ex
434 4077 504 4124 Cres.
521 4073 662 4123 rationibus.
674 4077 718 4122 En.
764 4073 847 4136 fragm.
855 4073 941 4137 Polyb.
953 4073 1042 4129 XXX,
1052 4074 1094 4130 133
1104 4071 1169 4135 apud
1178 4071 1270 4119 Athen.
