2970 4712
226 288 349 392 3:233:
445 312 594 380 irena
626 311 735 381 xnv.
765 312 870 380 car.
896 313 995 379 xvi
1179 310 1247 405 295

241 431 334 500 XVI.
357 433 400 519 Q.
421 429 531 517 AElio,
556 433 603 501 M.
628 433 736 502 lunio
762 429 969 501 consulibus
990 431 1034 501 de
1056 432 1248 528 provinciis

192 537 448 626 referentibus,
468 561 639 612 censuere
656 545 795 629 Patres,
810 539 898 611 duas
914 541 1112 637 provincias
1126 543 1248 639 Hispa-

193 650 289 718 niam
303 671 427 720 rursus
441 647 536 738 fieri,
551 675 630 747 quae
643 676 717 722 una
730 674 795 747 per
808 649 962 721 bellum1
976 650 1247 723 Macedonicum

191 755 322 845 fiterat3
336 774 372 830 et
387 759 633 832 Macedoniam
648 760 901 857 Illyricumque
918 757 1081 843 eosdem,
1096 763 1136 831 L.
1151 763 1248 832 Paul-

191 867 267 938 lum
288 882 323 938 et
342 873 381 939 L.
399 869 581 957 Anicium,
599 869 785 956 obtinere,
805 869 921 940 donec
941 867 986 938 de
1004 871 1248 941 sententiale·

190 988 377 1073 gatemm²
398 992 436 1048 et
453 1003 510 1050 res
530 978 627 1050 bello
648 978 830 1065 turbatas,
850 993 885 1050 et
904 994 1032 1050 statum
1049 978 1156 1049 alium
1170 978 1247 1073 ejus

188 1088 291 1184 regni
317 1086 506 1158 formando
537 1090 830 1186 composuissent.
858 1086 1076 1159 Consulibus
1103 1087 1188 1159 Pisae
1211 1103 1247 1158 et

190 1197 305 1268 Gallia
319 1197 468 1270 decretae
482 1219 564 1270 oum
578 1199 673 1270 binis
687 1198 890 1296 legionibus
905 1196 1085 1295 peditum,
1102 1212 1137 1269 et
1151 1200 1247 1294 equi-¹

189 1320 267 1376 term
278 1305 631 1405 quadringentenis3.
644 1313 837 1393 Praetorum
853 1321 967 1377 sortes¹
979 1303 1096 1394 fuere,
1111 1308 1154 1395 Q.
1170 1309 1246 1377 Cas

189 1418 232 1487 sii
252 1416 390 1488 urbana
400 1419 428 1503 4,
455 1418 513 1487 M’.
545 1419 701 1488 Iuventii
729 1417 872 1488 Tbaluae
900 1418 992 1487 inter
1017 1418 1245 1513 peregrinos,

189 1530 226 1596 T.
253 1525 390 1597 Claudii
413 1528 567 1597 Neronis
590 1527 724 1613 Sicilia,
749 1531 814 1597 Cn.
840 1524 954 1596 Fulvii
974 1527 1142 1622 Hispania
1160 1528 1245 1598 cite·

188 1636 279 1722 rior,
305 1640 342 1706 C.
369 1637 495 1706 Licinii
517 1641 640 1708 Nervae
666 1635 826 1708 ulterior.
848 1641 887 1706 Α.
907 1635 1042 1707 Manlio
1063 1640 1246 1731 Torquato

188 1745 349 1818 Sardinia
362 1745 576 1817 obvenerat:
592 1747 730 1843 nequiit
747 1747 798 1816 ire
816 1747 853 1814 in
870 1745 1109 1842 provinciam,
1128 1743 1172 1814 ad
1187 1767 1244 1815 res

189 1854 354 1951 capitales
376 1856 584 1952 quaerendas
602 1879 646 1927 ex
668 1854 978 1928 senatusconsulto
999 1867 1168 1924 retentus.
1190 1858 1244 1926 De

187 1961 359 2060 prodigiis
373 1964 502 2036 deinde
518 1967 688 2037 nuntiatis
702 1980 845 2036 senatus
860 1979 912 2036 est
930 1962 1124 2035 consultus.
1141 1963 1244 2034 AEdes

188 2071 339 2144 deorum
363 2075 547 2145 Penatium
570 2077 607 2144 in
626 2074 726 2146 Velia
749 2071 795 2145 de
817 2074 903 2145 caelo
926 2082 1130 2157 tactaerat3
1151 2075 1242 2142 etin

188 2182 323 2279 oppido
350 2182 548 2256 Minervio⁵
580 2183 657 2255 duoe
687 2199 798 2282 portae
825 2193 861 2254 et
889 2183 984 2252 muri
1006 2181 1241 2277 aliquantum.

186 2293 353 2388 Anagniae
379 2306 473 2363 terra
500 2293 662 2391 pluerat3
688 2309 724 2364 et
745 2293 894 2365 Lanuvii
920 2289 977 2362 fax
1001 2292 1038 2360 in
1061 2290 1146 2361 caelo
1170 2292 1243 2362 visa

221 2537 362 2584 Camllvl.
379 2551 403 2586 1.
421 2539 469 2584 Per
486 2537 572 2584 bellem
590 2537 687 2586 Maced.
732 2538 762 2584 ba
781 2553 809 2584 ee
826 2551 876 2584 etse
894 2535 1012 2592 videatur,
1034 2545 1057 2581 et
1081 2535 1173 2581 ueneni
1192 2537 1241 2584 lere

187 2613 283 2662 vidend
294 2617 331 2674 11,
347 2615 391 2672 18,
400 2632 425 2663 n.
440 2631 461 2664 r.
733 2617 826 2679 equine
837 2615 928 2679 legioni
941 2615 990 2662 eiut
1002 2613 1092 2669 addim
1106 2610 1155 2661 vid.
1166 2615 1226 2662 vffl
1233 2649 1241 2674 ,

221 2707 244 2738 a.
254 2695 292 2738 De
304 2693 421 2742 sententia
434 2695 584 2758 legatorum
596 2695 623 2741 in
635 2698 689 2744 Ma·
735 2696 764 2752 8,
775 2709 801 2742 n.
816 2710 853 2743 ro.
864 2695 928 2744 Hine
941 2710 991 2742 non
1004 2692 1066 2739 male
1077 2691 1178 2750 conjicit
1186 2709 1240 2742 eum

186 2769 312 2819 codonium
322 2787 410 2836 nempe
418 2771 527 2819 decimos
539 2787 590 2820 eaeo
598 2773 691 2836 legator
734 2771 794 2819 binis
808 2772 938 2838 legiembm
947 2791 987 2822 rae
1000 2773 1038 2820 vel
1051 2791 1066 2821 v
1075 2783 1109 2825 ω
1121 2769 1179 2834 (boe
1191 2785 1240 2832 est,

187 2849 282 2906 decem,
305 2849 331 2896 in
352 2850 476 2914 Illyricum
494 2866 552 2897 vero
570 2850 688 2914 quinque,
733 2850 834 2913 quinum
854 2851 1083 2918 millium)peditem
1097 2866 1121 2902 et
1133 2852 1240 2916 equitum

186 2928 300 2976 dminus
312 2943 407 2991 excep.
425 2943 475 2990 req.
492 2926 535 2974 nbi
547 2943 631 2976 eorum
644 2943 689 2976 no·
734 2933 889 2978 merciorum.
908 2931 975 2977 Idem
1003 2932 1149 2995 impleatur,
1169 2931 1238 2994 plura

186 3008 250 3053 mina
257 3021 355 3070 quoque
364 3005 505 3054 ellermtur.
516 3008 691 3054 Eue-Statum
733 3006 862 3065 excidisse,
884 3023 915 3054 ex
934 3009 1025 3065 XLIV,
1043 3024 1074 3056 er
1096 3012 1157 3057 extr.
1176 3009 1239 3057 sorte

185 3086 261 3132 alium
271 3085 321 3149 ejus
330 3085 413 3151 regni,
426 3085 509 3150 potius
518 3100 600 3134 eonem
608 3099 692 3149 regno·
733 3084 876 3148 supplenda.

185 3179 254 3220 rum,
265 3164 318 3224 vel,
330 3164 397 3228 quod
408 3163 510 3228 propius
521 3163 552 3210 acl
564 3162 689 3226 vulgatum
769 3171 793 3218 t.
803 3166 935 3210 Praeternm
948 3164 1052 3213 sortes...
1064 3166 1161 3214 urbana
1167 3200 1176 3222 ,
1192 3177 1237 3214 eto.

185 3242 291 3300 accedit,
301 3244 424 3306 utriusque
434 3241 515 3307 mgni,
529 3257 562 3291 se.
576 3241 690 3289 Macedo·
733 3240 789 3288 vide
796 3240 828 3288 ad
837 3243 920 3300 xxn,
931 3242 972 3300 35,
982 3259 1007 3293 n.
1020 3241 1125 3292 5.-n*.
1134 3245 1241 3294 Juventtt

185 3321 235 3366 niel
246 3333 272 3369 et
280 3321 373 3387 Illyrii3
384 3323 461 3370 Grou.
473 3332 498 3368 et
510 3319 584 3369 Drak.
594 3320 624 3368 Id
631 3335 688 3384 pro·
736 3318 835 3367 Thalna
848 3335 895 3383 pro
909 3323 944 3370 M.
958 3323 1062 3370 Iuventii
1074 3324 1113 3370 vel
1130 3323 1238 3371 Juvener'l

185 3399 265 3447 babile
277 3397 305 3448 fit
317 3417 349 3449 ex
359 3417 415 3465 cap.
427 3415 467 3460 27,
478 3401 512 3448 αθ
526 3408 551 3448 et
563 3416 606 3463 ²9·
735 3399 816 3446 rutra
824 3399 905 3464 recepi
915 3415 946 3448 ex
960 3401 1056 3450 emend.
1070 3403 1151 3464 Sigon.
1164 3403 1235 3451 Coul.

221 3479 244 3524 3.
267 3477 406 3526 Cerealibus
426 3479 506 3535 Pisce,
529 3480 641 3540 Etruria,
666 3489 690 3526 ee
732 3477 855 3527 Drakenb.
923 3519 926 3527 .

187 3555 270 3602 Gallia
280 3556 690 3620 Cinlplnadeeretreeumbim'ele·
769 3556 836 3603 5.1n
858 3555 947 3619 oppido
965 3558 1096 3613 Minervio,
1122 3558 1188 3621 quod
1212 3571 1236 3606 et

181 3633 293 3698 gione'bes
299 3634 416 3698 peditam,
428 3647 452 3682 et
461 3635 567 3698 equitum
573 3635 690 3700 quadrin-
733 3646 877 3683 memoratur
885 3635 993 3694 Velleio,
1004 3639 1028 3694 1,
1041 3637 1072 3683 15
1078 3671 1085 3693 ,
1094 3649 1118 3683 et
1129 3637 1191 3684 forte
1200 3649 1236 3685 est

182 3711 306 3774 gentonis!
325 3712 398 3760 docet
413 3713 486 3761 orat.
501 3717 623 3777 empedlee
638 3721 687 3763 eise
732 3715 766 3763 id.
783 3715 823 3778 qd.
844 3711 954 3762 Castrum
970 3714 1083 3762 Mbeerm
1094 3731 1153 3779 opp.
1167 3715 1235 3762 Cala.

184 3790 289 3852 primum
302 3791 538 3855 legiensepeditum,
553 3792 639 3840 deinde
652 3793 687 3841 lo·
731 3795 802 3853 briae,
815 3775 930 3848 deiectos
952 3795 1056 3858 Dionys.
1070 3797 1103 3854 Ι,
1125 3791 1234 3850 51,'era·

184 3867 687 3936 cntionemequitnmqttadriugelttenispm
733 3873 844 3921 Minerva
856 3871 925 3937 virg.
945 3875 999 3920 AEn.
1021 3874 1067 3928 Ill,
1090 3873 1153 3928 531,
1174 3871 1233 3921 bod.

184 3944 302 4007 equitibus
322 3965 361 4011 q.,
381 3946 484 4010 denique
502 3948 577 4012 ipsam
606 3964 687 3998 vocem
733 3953 825 4001 castro.
846 3952 892 4000 Sed
909 3951 1023 4016 oppidum
1041 3952 1064 3998 b.
1081 3952 1097 3998 l.
1115 3967 1166 3998 esse
1184 3954 1234 3999 Ro-

185 4023 396 4092 quadringenteni,
405 4027 516 4089 quoniam
528 4040 551 4076 et
560 4029 623 4076 baud
633 4046 687 4094 pro·
732 4046 792 4078 mam
809 4034 929 4095 antiquam
943 4031 1043 4078 llomuli
1058 4031 1083 4077 iu
1099 4032 1234 4094 Xregione
1299 4038 1306 4050 '
