2984 4706
256 390 325 458 218
679 400 718 464 r.
752 400 892 466 nivii
1168 382 1290 492 &23:322

255 510 419 582 cladibus
441 531 647 609 expertum,
658 517 905 613 periculosum
924 543 1017 601 esse,
1042 537 1181 592 tomam
1197 525 1314 596 multi·

253 621 414 692 tudinem
438 629 475 693 in
498 627 755 697 Macedoniam
780 635 959 725 occurere,
987 655 1033 700 ne
1051 638 1234 725 graviores
1255 660 1315 706 eos

252 738 367 802 socios
380 733 574 822 hobeonffi,
588 763 700 833 quom
714 737 832 808 lzostes
845 743 1036 810 Romanos.
1059 742 1229 838 Quinque
1240 744 1314 815 mil-

252 841 302 912 lio
316 850 476 939 equitum
489 863 549 916 sot
559 872 654 933 esse,
672 847 803 944 quibus
819 865 855 917 et
871 854 925 918 uti
938 849 992 919 ad
1004 844 1138 920 bellum
1148 870 1312 948 possent,

251 969 286 1022 et
305 979 460 1050 quorum
477 957 741 1028 multitudinem
756 964 826 1055 tpst'
838 983 912 1028 non
930 964 1088 1028 timeant.

297 1069 442 1136 XXVII.
463 1067 668 1166 Apparebat
687 1071 725 1137 in
743 1067 915 1139 omnibus
927 1079 953 1155 ¹,
972 1069 1176 1140 mercedem
1193 1071 1315 1140 multi-

250 1173 385 1247 tudinis
404 1178 546 1265 timere,
563 1204 630 1250 nec
649 1177 847 1276 quidquam
867 1179 983 1250 aliud:
1003 1179 1086 1266 sed,
1101 1205 1217 1276 quum
1234 1206 1314 1252 sua-

249 1283 334 1354 dere
350 1288 553 1359 consulenti
571 1314 680 1361 nemo
699 1289 867 1377 auderet,
886 1291 1080 1360 remittitur
1097 1293 1313 1386 Antigonus,

249 1395 312 1488 qui
330 1399 534 1485 nuntiaret,
554 1400 718 1496 quinque
743 1399 896 1469 millium
920 1401 1083 1496 equitum
1107 1426 1219 1498 opera
1237 1415 1314 1472 tan·

250 1518 328 1574 turn
360 1509 413 1576 uti
447 1533 592 1606 regem,
625 1525 857 1580 contemnere
892 1510 1162 1581 multitudinem
1197 1510 1314 1581 aliam.

252 1615 360 1702 Quod
379 1617 445 1687 ubi
465 1617 632 1689 audivere
652 1618 817 1706 Barbari,
846 1635 1057 1690 ceterorum
1076 1619 1223 1716 quidem
1242 1619 1314 1692 sre-

248 1727 357 1796 mitus
383 1726 470 1815 luit,
499 1729 764 1825 indignantium
790 1753 828 1800 se
854 1728 985 1800 lrustra
1009 1730 1144 1800 excitos
1169 1728 1315 1800 sedibus

249 1837 346 1906 suis:
370 1837 565 1910 Clondicus
583 1863 707 1910 rursus
725 1841 943 1934 interrogat,
960 1836 1091 1934 ecquid
1109 1839 1196 1934 ipsis
1210 1839 1316 1932 quin-

250 1970 323 2041 que
345 1948 527 2019 millibus²
551 1951 652 2047 quod
669 1950 917 2034 convenisset,
938 1949 1168 2020 numeraret?
1191 1951 1315 2038 Quum

158 2149 162 2157 .
250 2055 419 2128 adversus
437 2059 474 2128 id
493 2085 640 2157 quoque
656 2060 799 2130 misceri
815 2057 982 2155 ambages
999 2071 1183 2143 cerneret,
1203 2058 1316 2126 invio-

250 2165 323 2235 lato
350 2165 464 2238 laliaci
491 2171 621 2240 nuntio
648 2168 775 2266 (quod
798 2171 858 2240 vix
884 2182 1086 2267 speraverat
1111 2169 1188 2264 ipse
1210 2191 1316 2264 posse

250 2278 503 2374 contingere),
521 2295 620 2351 retro
637 2279 683 2350 ad
698 2285 849 2366 Istrum,
868 2279 1097 2376 perpopulati
1113 2279 1315 2364 Thraciam,

250 2412 321 2484 qua
340 2389 454 2460 vicina
471 2406 545 2461 erat
562 2392 645 2470 viae,
663 2385 887 2461 redierunt3.
908 2392 997 2479 Quae
1016 2412 1166 2475 manus,
1190 2389 1316 2484 quieto

249 2497 396 2567 sedente
421 2523 505 2596 rege
532 2499 576 2570 ad
603 2501 803 2596 Enipeum,
829 2497 998 2570 adversus
1016 2502 1209 2580 ¹Romanos
1235 2503 1314 2568 Per-

249 2605 392 2676 rhaebiae
423 2609 549 2678 saltum
583 2611 619 2678 in
642 2608 861 2680 Thessaliam
887 2608 1074 2694 traducta,
1103 2633 1178 2678 non
1211 2632 1315 2703 agros

247 2729 389 2786 tantum
409 2717 544 2789 nudare
566 2719 776 2815 populando
795 2720 935 2817 potuit,
960 2743 1006 2788 ne
1025 2743 1118 2814 quos
1136 2715 1220 2787 inde
1241 2721 1313 2786 Ro-

248 2827 344 2895 mani
371 2845 591 2900 commeatus
616 2843 884 2926 exspectarent,
908 2827 971 2899 sed
993 2829 1087 2924 ipsas
1108 2824 1314 2928 exscindere

247 2937 376 3025 urbes,
397 2953 543 3010 tenente
563 2937 607 3009 ad
626 2940 804 3036 Enipeum
822 2935 952 3008 P'erseo
970 2942 1170 3032 Romanos,
1190 2962 1237 3007 ne
1255 2961 1312 3006 ur-

246 3045 354 3122 bibus
374 3050 479 3120 sociis
501 3049 670 3148 opitulari
688 3064 844 3146 possent.
865 3048 956 3146 Ipsis
979 3071 1127 3144 quoque
1144 3049 1313 3116 Romanis

184 3323 185 3328 ¹
280 3269 304 3316 6.
322 3269 360 3313 Ne
374 3268 497 3331 graviores
516 3285 556 3315 eos
576 3269 660 3316 Gallos
675 3267 753 3314 socios
803 3265 828 3312 in
848 3264 977 3328 legendum
998 3263 1130 3310 credideris
1145 3262 1254 3327 jamvel
1271 3261 1310 3317 td,

244 3347 353 3394 habeant
368 3349 468 3394 Perseus
486 3358 510 3395 et
528 3347 688 3404 Macedones,
711 3347 753 3408 qui
802 3355 844 3392 aut
854 3361 909 3392 cum
921 3344 1044 3392 Drakenb.
1055 3343 1099 3392 ita.
1110 3370 1145 3378 —-
1157 3341 1259 3401 Timere,
1270 3341 1313 3388 sei-

244 3443 286 3474 eos
303 3425 466 3492 areessierint,
481 3441 555 3489 quam
573 3425 652 3473 hostes
664 3427 753 3472 liema-
802 3423 859 3472 lieet
873 3425 973 3480 Persea,
985 3438 1074 3486 regem.

243 3522 301 3562 nos,
317 3506 380 3552 sorte
392 3504 507 3560 Romani,
521 3503 538 3550 i.
551 3521 572 3552 e.
587 3520 659 3568 quam
670 3504 753 3551 hostes
837 3519 862 3550 a.
875 3501 971 3565 Ecquid
989 3502 1045 3566 ipsis
1065 3501 1172 3565 quinque
1192 3501 1311 3558 millibus,

243 3584 342 3632 eosdem
359 3584 516 3647 experientur
530 3585 651 3650 Romani,
667 3594 752 3633 eontra
802 3593 849 3630 etc.
860 3581 918 3628 vide
926 3580 957 3628 ad
966 3583 994 3638 1,
1008 3596 1037 3644 9,
1048 3597 1073 3628 n.
1084 3581 1110 3628 3.

242 3681 304 3728 quos
320 3662 485 3726 arcessierint3
503 3663 581 3710 Gron,
602 3663 650 3710 Sed
664 3663 699 3710 ita
714 3664 753 3710 Li·
838 3661 944 3708 steen
965 3660 1003 3708 ad
1022 3663 1150 3708 Istrum...
1174 3659 1312 3714 redierunt,·

242 3743 296 3790 vius
313 3745 384 3790 etiam
402 3741 537 3805 scripsisset
557 3755 588 3787 ne
606 3740 653 3805 ipsi
668 3741 707 3789 vel
722 3757 753 3788 ne
802 3739 857 3785 vide
870 3739 902 3788 nd
915 3739 1015 3800 II,'45,
1030 3755 1056 3786 n.
1071 3753 1112 3784 ro.
1123 3763 1158 3772 -
1170 3735 1313 3784 Perrlnebice

243 3822 389 3869 Macedones
404 3820 544 3887 graviores,
561 3831 611 3870 etc.
626 3822 689 3868 etin
702 3821 753 3867 rul-
801 3818 930 3866 saltum...
945 3818 1074 3874 traducta,
1083 3817 1146 3864 forte
1152 3831 1200 3880 per
1207 3816 1314 3863 Perrlsoe-

243 3910 300 3961 gato
310 3903 417 3963 optimus
430 3915 514 3947 sensus
526 3911 570 3947 est.
800 3896 862 3953 tioe,·
869 3899 940 3946 Grut.
949 3896 997 3944 Sed
1005 3896 1067 3944 nihil
1077 3894 1222 3942 mutandum
1231 3893 1314 3941 videre
1326 3902 1332 3915 ·

278 3979 337 4026 Cur.
350 3981 456 4026 xxvu.
471 3995 492 4025 r.
507 3979 649 4042 Apparebat
663 3977 687 4024 in
703 3994 754 4024 om·
800 3975 871 4024 crev.
882 3987 905 4024 et
917 3974 991 4024 Druk.
1005 3973 1045 4022 stc
1057 3974 1121 4022 dixit
1133 3973 1215 4020 Livius
1228 3973 1311 4020 tradu-

244 4056 313 4103 nibus
321 4090 328 4112 ,
345 4058 419 4102 immo
434 4058 571 4120 apparebat
583 4056 692 4104 omnibus
700 4090 707 4112 ,
721 4071 754 4102 sc.
801 4065 843 4100 eta
855 4053 1001 4102 Perrhtebiee
1015 4054 1115 4108 saltum,
1135 4063 1163 4099 ut
1177 4039 1220 4100 lib.
1233 4053 1313 4113 xxi,

245 4137 271 4183 in
282 4134 411 4182 consilium
421 4135 529 4194 vocatis3
540 4137 616 4184 Gron.
628 4139 701 4184 Forte
710 4149 756 4199 pro
802 4149 855 4199 erp.
873 4135 920 4193 23,
938 4134 1034 4182 Iberum
1049 4131 1132 4197 copiae
1150 4131 1251 4202 trajecit.
1266 4133 1313 4182 Re-
