<?xml version="1.0" encoding="UTF-8"?>
<!DOCTYPE html PUBLIC "-//W3C//DTD XHTML 1.0 Transitional//EN"
    "http://www.w3.org/TR/xhtml1/DTD/xhtml1-transitional.dtd">
<html xmlns="http://www.w3.org/1999/xhtml" xml:lang="en" lang="en">
 <head>
  <title>
</title>
<meta http-equiv="Content-Type" content="text/html;charset=utf-8" />
  <meta name='ocr-system' content='tesseract 3.04.00' />
  <meta name='ocr-capabilities' content='ocr_page ocr_carea ocr_par ocr_line ocrx_word'/>
</head>
<body>
  <div class='ocr_page' id='page_1' title='image "./titusliviuspata02freigoog_0436.png"; bbox 0 0 2976 4712; ppageno 0'>
   <div class='ocr_carea' id='block_1_1' title="bbox 485 369 1238 466">
    <p class='ocr_par' dir='ltr' id='par_1_1' title="bbox 485 369 1238 466">
     <span class='ocr_line' id='line_1_1' title="bbox 485 369 1238 466; baseline 0.003 -26"><span class='ocrx_word' id='word_1_1' title='bbox 485 371 757 461; x_wconf 74' lang='lat' dir='ltr'>alanorum</span> <span class='ocrx_word' id='word_1_2' title='bbox 786 369 928 440; x_wconf 81' lang='lat' dir='ltr'>mvn.</span> <span class='ocrx_word' id='word_1_3' title='bbox 1167 371 1238 466; x_wconf 70' lang='lat'>4²7</span> 
     </span>
    </p>
   </div>
   <div class='ocr_carea' id='block_1_2' title="bbox 168 489 1241 1113">
    <p class='ocr_par' dir='ltr' id='par_1_2' title="bbox 168 489 1241 1113">
     <span class='ocr_line' id='line_1_2' title="bbox 168 489 1238 590; baseline -0.001 -26"><span class='ocrx_word' id='word_1_4' title='bbox 168 489 455 566; x_wconf 80' lang='lat' dir='ltr'>Africa&#39;hellum</span> <span class='ocrx_word' id='word_1_5' title='bbox 473 492 645 579; x_wconf 14' lang='lat' dir='ltr'>*molitum</span> <span class='ocrx_word' id='word_1_6' title='bbox 668 507 704 564; x_wconf 87' lang='lat' dir='ltr'>et</span> <span class='ocrx_word' id='word_1_7' title='bbox 725 489 775 564; x_wconf 93' lang='lat' dir='ltr'>ob</span> <span class='ocrx_word' id='word_1_8' title='bbox 797 489 869 563; x_wconf 88' lang='lat' dir='ltr'>hoc</span> <span class='ocrx_word' id='word_1_9' title='bbox 888 491 1059 564; x_wconf 87' lang='lat' dir='ltr'>Romanis</span> <span class='ocrx_word' id='word_1_10' title='bbox 1077 515 1146 590; x_wconf 85' lang='lat' dir='ltr'>per</span> <span class='ocrx_word' id='word_1_11' title='bbox 1162 494 1238 590; x_wconf 90' lang='lat' dir='ltr'>epi·</span> 
     </span>
     <span class='ocr_line' id='line_1_3' title="bbox 169 599 1241 702; baseline 0 -30"><span class='ocrx_word' id='word_1_12' title='bbox 169 601 286 674; x_wconf 83' lang='lat' dir='ltr'>stolas</span> <span class='ocrx_word' id='word_1_13' title='bbox 310 600 477 674; x_wconf 86' lang='lat' dir='ltr'>adversus</span> <span class='ocrx_word' id='word_1_14' title='bbox 501 599 665 676; x_wconf 81' lang='lat' dir='ltr'>factionis</span> <span class='ocrx_word' id='word_1_15' title='bbox 689 602 896 702; x_wconf 86' lang='lat' dir='ltr'>principum</span> <span class='ocrx_word' id='word_1_16' title='bbox 915 601 1071 690; x_wconf 84' lang='lat' dir='ltr'>delatus,</span> <span class='ocrx_word' id='word_1_17' title='bbox 1090 618 1241 702; x_wconf 89' lang='lat' dir='ltr'>propter</span> 
     </span>
     <span class='ocr_line' id='line_1_4' title="bbox 168 710 1240 810; baseline 0 -24"><span class='ocrx_word' id='word_1_18' title='bbox 168 727 314 786; x_wconf 84' lang='lat' dir='ltr'>metum</span> <span class='ocrx_word' id='word_1_19' title='bbox 327 717 591 802; x_wconf 84' lang='lat' dir='ltr'>Romanorum,</span> <span class='ocrx_word' id='word_1_20' title='bbox 608 713 673 810; x_wconf 90' lang='lat' dir='ltr'>qui</span> <span class='ocrx_word' id='word_1_21' title='bbox 686 712 819 808; x_wconf 81' lang='lat' dir='ltr'>legatos</span> <span class='ocrx_word' id='word_1_22' title='bbox 834 711 880 786; x_wconf 89' lang='lat' dir='ltr'>ad</span> <span class='ocrx_word' id='word_1_23' title='bbox 893 710 1240 809; x_wconf 77' lang='lat' dir='ltr'>Carthaginiensium</span> 
     </span>
     <span class='ocr_line' id='line_1_5' title="bbox 168 819 1239 922; baseline 0 -28"><span class='ocrx_word' id='word_1_24' title='bbox 168 836 340 894; x_wconf 88' lang='lat' dir='ltr'>senatum</span> <span class='ocrx_word' id='word_1_25' title='bbox 371 821 417 894; x_wconf 90' lang='lat' dir='ltr'>de</span> <span class='ocrx_word' id='word_1_26' title='bbox 446 847 491 906; x_wconf 86' lang='lat' dir='ltr'>eo</span> <span class='ocrx_word' id='word_1_27' title='bbox 518 822 715 913; x_wconf 78' lang='lat' dir='ltr'><strong>miserant,</strong></span> <span class='ocrx_word' id='word_1_28' title='bbox 742 819 916 922; x_wconf 81' lang='lat' dir='ltr'>profugus</span> <span class='ocrx_word' id='word_1_29' title='bbox 947 820 994 896; x_wconf 83' lang='lat' dir='ltr'>ad</span> <span class='ocrx_word' id='word_1_30' title='bbox 1020 821 1239 898; x_wconf 83' lang='lat' dir='ltr'><strong>Antiochum</strong></span> 
     </span>
     <span class='ocr_line' id='line_1_6' title="bbox 169 932 1240 1037; baseline -0.001 -35"><span class='ocrx_word' id='word_1_31' title='bbox 169 957 299 1029; x_wconf 84' lang='lat' dir='ltr'>regem</span> <span class='ocrx_word' id='word_1_32' title='bbox 317 933 426 1030; x_wconf 82' lang='lat' dir='ltr'>Syriae</span> <span class='ocrx_word' id='word_1_33' title='bbox 443 955 480 1004; x_wconf 89' lang='lat' dir='ltr'>se</span> <span class='ocrx_word' id='word_1_34' title='bbox 499 932 674 1022; x_wconf 83' lang='lat' dir='ltr'>contulit,</span> <span class='ocrx_word' id='word_1_35' title='bbox 692 933 828 1007; x_wconf 87' lang='lat' dir='ltr'>bellum</span> <span class='ocrx_word' id='word_1_36' title='bbox 845 945 972 1010; x_wconf 79' lang='lat' dir='ltr'>contra</span> <span class='ocrx_word' id='word_1_37' title='bbox 984 935 1168 1037; x_wconf 82' lang='lat' dir='ltr'>Romanos</span> <span class='ocrx_word' id='word_1_38' title='bbox 1180 955 1240 1032; x_wconf 87' lang='lat' dir='ltr'>pa·</span> 
     </span>
     <span class='ocr_line' id='line_1_7' title="bbox 170 1057 1173 1113; baseline -0.001 -1"><span class='ocrx_word' id='word_1_39' title='bbox 170 1057 330 1113; x_wconf 89' lang='lat' dir='ltr'>rantem.</span> <span class='ocrx_word' id='word_1_40' title='bbox 1165 1065 1173 1084; x_wconf 91' lang='lat'><strong>·</strong></span> 
     </span>
    </p>
   </div>
   <div class='ocr_carea' id='block_1_3' title="bbox 402 1261 1009 1330">
    <p class='ocr_par' dir='ltr' id='par_1_3' title="bbox 402 1261 1009 1330">
     <span class='ocr_line' id='line_1_8' title="bbox 402 1261 1009 1330; baseline 0 -3"><span class='ocrx_word' id='word_1_41' title='bbox 402 1261 629 1329; x_wconf 84' lang='grc' dir='ltr'>ΕΡΙΤΟΜΕ</span> <span class='ocrx_word' id='word_1_42' title='bbox 661 1262 798 1330; x_wconf 86' lang='lat' dir='ltr'>LIBRI</span> <span class='ocrx_word' id='word_1_43' title='bbox 833 1262 1009 1330; x_wconf 84' lang='lat' dir='ltr'>XXXIV.</span> 
     </span>
    </p>
   </div>
   <div class='ocr_carea' id='block_1_4' title="bbox 63 1452 1242 3204">
    <p class='ocr_par' dir='ltr' id='par_1_4' title="bbox 63 1452 1242 3204">
     <span class='ocr_line' id='line_1_9' title="bbox 220 1452 1240 1557; baseline 0 -31"><span class='ocrx_word' id='word_1_44' title='bbox 220 1459 298 1534; x_wconf 78' lang='lat' dir='ltr'>Lex</span> <span class='ocrx_word' id='word_1_45' title='bbox 320 1455 458 1554; x_wconf 85' lang='lat' dir='ltr'>Oppia,</span> <span class='ocrx_word' id='word_1_46' title='bbox 472 1479 586 1554; x_wconf 86' lang='lat' dir='ltr'>quam</span> <span class='ocrx_word' id='word_1_47' title='bbox 607 1461 646 1528; x_wconf 91' lang='lat' dir='ltr'>C.</span> <span class='ocrx_word' id='word_1_48' title='bbox 666 1459 806 1556; x_wconf 91' lang='lat' dir='ltr'>Oppius</span> <span class='ocrx_word' id='word_1_49' title='bbox 822 1457 991 1530; x_wconf 90' lang='lat' dir='ltr'>tribunus</span> <span class='ocrx_word' id='word_1_50' title='bbox 1008 1452 1240 1557; x_wconf 83' lang='lat' dir='ltr'>plebisbello</span> 
     </span>
     <span class='ocr_line' id='line_1_10' title="bbox 168 1564 1241 1652; baseline 0 -16"><span class='ocrx_word' id='word_1_51' title='bbox 168 1567 335 1636; x_wconf 86' lang='lat' dir='ltr'>Punico¹</span> <span class='ocrx_word' id='word_1_52' title='bbox 360 1565 408 1650; x_wconf 77' lang='lat' dir='ltr'>de</span> <span class='ocrx_word' id='word_1_53' title='bbox 430 1564 599 1638; x_wconf 88' lang='lat' dir='ltr'>finiendis</span> <span class='ocrx_word' id='word_1_54' title='bbox 618 1581 868 1641; x_wconf 81' lang='lat' dir='ltr'>matronarum</span> <span class='ocrx_word' id='word_1_55' title='bbox 886 1567 1069 1640; x_wconf 80' lang='lat' dir='ltr'>cultibus²</span> <span class='ocrx_word' id='word_1_56' title='bbox 1089 1564 1241 1652; x_wconf 87' lang='lat' dir='ltr'>tulerat,</span> 
     </span>
     <span class='ocr_line' id='line_1_11' title="bbox 169 1675 1241 1775; baseline -0.002 -27"><span class='ocrx_word' id='word_1_57' title='bbox 169 1700 256 1748; x_wconf 90' lang='lat' dir='ltr'>cum</span> <span class='ocrx_word' id='word_1_58' title='bbox 273 1699 403 1773; x_wconf 84' lang='lat' dir='ltr'>magna</span> <span class='ocrx_word' id='word_1_59' title='bbox 423 1677 658 1762; x_wconf 74' lang='lat' dir='ltr'>contentione</span> <span class='ocrx_word' id='word_1_60' title='bbox 676 1675 849 1774; x_wconf 85' lang='lat' dir='ltr'>abrogata</span> <span class='ocrx_word' id='word_1_61' title='bbox 866 1691 938 1766; x_wconf 87' lang='lat' dir='ltr'>est,</span> <span class='ocrx_word' id='word_1_62' title='bbox 960 1701 1075 1775; x_wconf 85' lang='lat' dir='ltr'>quum</span> <span class='ocrx_word' id='word_1_63' title='bbox 1093 1675 1241 1749; x_wconf 91' lang='lat' dir='ltr'>Porcius</span> 
     </span>
     <span class='ocr_line' id='line_1_12' title="bbox 168 1783 1241 1875; baseline -0.002 -17"><span class='ocrx_word' id='word_1_64' title='bbox 168 1790 263 1858; x_wconf 88' lang='lat' dir='ltr'>Cato</span> <span class='ocrx_word' id='word_1_65' title='bbox 281 1799 407 1856; x_wconf 81' lang='lat' dir='ltr'><strong>auctor</strong></span> <span class='ocrx_word' id='word_1_66' title='bbox 423 1783 572 1875; x_wconf 80' lang='lat' dir='ltr'>fuisset,</span> <span class='ocrx_word' id='word_1_67' title='bbox 598 1811 645 1857; x_wconf 87' lang='lat' dir='ltr'>ne</span> <span class='ocrx_word' id='word_1_68' title='bbox 671 1811 714 1858; x_wconf 87' lang='lat' dir='ltr'>ea</span> <span class='ocrx_word' id='word_1_69' title='bbox 737 1787 794 1857; x_wconf 89' lang='lat' dir='ltr'>lex</span> <span class='ocrx_word' id='word_1_70' title='bbox 817 1785 1031 1858; x_wconf 79' lang='lat' dir='ltr'>aboleretur.</span> <span class='ocrx_word' id='word_1_71' title='bbox 1051 1789 1106 1874; x_wconf 84' lang='lat' dir='ltr'>Is,</span> <span class='ocrx_word' id='word_1_72' title='bbox 1124 1785 1162 1855; x_wconf 92' lang='lat' dir='ltr'>in</span> <span class='ocrx_word' id='word_1_73' title='bbox 1181 1783 1241 1856; x_wconf 91' lang='lat' dir='ltr'>Hi·</span> 
     </span>
     <span class='ocr_line' id='line_1_13' title="bbox 169 1887 1240 1996; baseline -0.002 -28"><span class='ocrx_word' id='word_1_74' title='bbox 169 1898 337 1994; x_wconf 85' lang='lat' dir='ltr'>spaniam</span> <span class='ocrx_word' id='word_1_75' title='bbox 357 1887 563 1994; x_wconf 44' lang='lat' dir='ltr'>profectum</span> <span class='ocrx_word' id='word_1_76' title='bbox 585 1896 702 1984; x_wconf 85' lang='lat' dir='ltr'>bello,</span> <span class='ocrx_word' id='word_1_77' title='bbox 725 1897 825 1994; x_wconf 90' lang='lat' dir='ltr'>quod</span> <span class='ocrx_word' id='word_1_78' title='bbox 847 1899 1026 1996; x_wconf 89' lang='lat' dir='ltr'>Emporiis</span> <span class='ocrx_word' id='word_1_79' title='bbox 1043 1920 1147 1969; x_wconf 89' lang='lat' dir='ltr'>orsus</span> <span class='ocrx_word' id='word_1_80' title='bbox 1170 1911 1240 1986; x_wconf 74' lang='lat' dir='ltr'>est,</span> 
     </span>
     <span class='ocr_line' id='line_1_14' title="bbox 169 2004 1242 2105; baseline 0.001 -29"><span class='ocrx_word' id='word_1_81' title='bbox 169 2007 376 2077; x_wconf 80' lang='lat' dir='ltr'>citeriorem</span> <span class='ocrx_word' id='word_1_82' title='bbox 391 2007 600 2103; x_wconf 82' lang='lat' dir='ltr'>Hispaniam</span> <span class='ocrx_word' id='word_1_83' title='bbox 616 2004 766 2105; x_wconf 86' lang='lat' dir='ltr'>pacavit.</span> <span class='ocrx_word' id='word_1_84' title='bbox 781 2012 819 2080; x_wconf 89' lang='lat' dir='ltr'>T.</span> <span class='ocrx_word' id='word_1_85' title='bbox 836 2009 1008 2097; x_wconf 84' lang='lat' dir='ltr'>Quintius</span> <span class='ocrx_word' id='word_1_86' title='bbox 1021 2007 1242 2078; x_wconf 86' lang='lat' dir='ltr'>Flamininus</span> 
     </span>
     <span class='ocr_line' id='line_1_15' title="bbox 168 2113 1240 2215; baseline -0.003 -27"><span class='ocrx_word' id='word_1_87' title='bbox 168 2113 311 2188; x_wconf 89' lang='lat' dir='ltr'>bellum</span> <span class='ocrx_word' id='word_1_88' title='bbox 335 2114 506 2188; x_wconf 88' lang='lat' dir='ltr'>adversus</span> <span class='ocrx_word' id='word_1_89' title='bbox 530 2116 820 2190; x_wconf 81' lang='lat' dir='ltr'>Lacedaemonios</span> <span class='ocrx_word' id='word_1_90' title='bbox 843 2133 882 2190; x_wconf 87' lang='lat' dir='ltr'>et</span> <span class='ocrx_word' id='word_1_91' title='bbox 902 2134 1094 2215; x_wconf 84' lang='lat' dir='ltr'>tyrannum</span> <span class='ocrx_word' id='word_1_92' title='bbox 1113 2139 1240 2188; x_wconf 86' lang='lat' dir='ltr'>eorum</span> 
     </span>
     <span class='ocr_line' id='line_1_16' title="bbox 167 2224 1240 2328; baseline -0.002 -30"><span class='ocrx_word' id='word_1_93' title='bbox 167 2224 350 2298; x_wconf 81' lang='lat' dir='ltr'>Nabidem</span> <span class='ocrx_word' id='word_1_94' title='bbox 364 2251 538 2324; x_wconf 89' lang='lat' dir='ltr'>prospere</span> <span class='ocrx_word' id='word_1_95' title='bbox 552 2243 713 2324; x_wconf 84' lang='lat' dir='ltr'>gestum,</span> <span class='ocrx_word' id='word_1_96' title='bbox 727 2227 811 2300; x_wconf 88' lang='lat' dir='ltr'>data</span> <span class='ocrx_word' id='word_1_97' title='bbox 825 2230 867 2301; x_wconf 89' lang='lat' dir='ltr'>iis</span> <span class='ocrx_word' id='word_1_98' title='bbox 881 2254 990 2328; x_wconf 86' lang='lat' dir='ltr'>pace,</span> <span class='ocrx_word' id='word_1_99' title='bbox 1006 2229 1150 2328; x_wconf 89' lang='lat' dir='ltr'>qualem</span> <span class='ocrx_word' id='word_1_100' title='bbox 1164 2227 1240 2325; x_wconf 91' lang='lat' dir='ltr'>ipse</span> 
     </span>
     <span class='ocr_line' id='line_1_17' title="bbox 166 2336 1241 2438; baseline 0.001 -32"><span class='ocrx_word' id='word_1_101' title='bbox 166 2336 310 2423; x_wconf 84' lang='lat' dir='ltr'>voluit,</span> <span class='ocrx_word' id='word_1_102' title='bbox 340 2336 570 2436; x_wconf 83' lang='lat' dir='ltr'>liberatisque</span> <span class='ocrx_word' id='word_1_103' title='bbox 594 2340 720 2437; x_wconf 82' lang='lat' dir='ltr'>Argis,</span> <span class='ocrx_word' id='word_1_104' title='bbox 747 2341 811 2438; x_wconf 91' lang='lat' dir='ltr'>qui</span> <span class='ocrx_word' id='word_1_105' title='bbox 838 2339 1069 2415; x_wconf 91' lang='lat' dir='ltr'>subditione</span> <span class='ocrx_word' id='word_1_106' title='bbox 1098 2337 1241 2436; x_wconf 83' lang='lat' dir='ltr'>tyranni</span> 
     </span>
     <span class='ocr_line' id='line_1_18' title="bbox 167 2439 1239 2548; baseline -0.001 -28"><span class='ocrx_word' id='word_1_107' title='bbox 167 2462 294 2535; x_wconf 82' lang='lat' dir='ltr'>erant,</span> <span class='ocrx_word' id='word_1_108' title='bbox 310 2444 437 2519; x_wconf 82' lang='lat' dir='ltr'>finivit.</span> <span class='ocrx_word' id='word_1_109' title='bbox 451 2453 603 2522; x_wconf 86' lang='lat' dir='ltr'>Senatus</span> <span class='ocrx_word' id='word_1_110' title='bbox 617 2463 705 2522; x_wconf 84' lang='lat' dir='ltr'>tunc</span> <span class='ocrx_word' id='word_1_111' title='bbox 721 2453 879 2547; x_wconf 79' lang='lat' dir='ltr'>primum</span> <span class='ocrx_word' id='word_1_112' title='bbox 893 2466 1053 2524; x_wconf 87' lang='lat' dir='ltr'>secretus</span> <span class='ocrx_word' id='word_1_113' title='bbox 1068 2439 1239 2548; x_wconf 85' lang='lat' dir='ltr'>apopulo</span> 
     </span>
     <span class='ocr_line' id='line_1_19' title="bbox 167 2555 1239 2655; baseline 0.001 -28"><span class='ocrx_word' id='word_1_114' title='bbox 167 2555 277 2628; x_wconf 89' lang='lat' dir='ltr'>ludos</span> <span class='ocrx_word' id='word_1_115' title='bbox 306 2559 511 2655; x_wconf 84' lang='lat' dir='ltr'>spectavit:</span> <span class='ocrx_word' id='word_1_116' title='bbox 542 2576 582 2631; x_wconf 90' lang='lat' dir='ltr'>ut</span> <span class='ocrx_word' id='word_1_117' title='bbox 607 2559 646 2630; x_wconf 86' lang='lat' dir='ltr'>id</span> <span class='ocrx_word' id='word_1_118' title='bbox 672 2558 795 2649; x_wconf 87' lang='lat' dir='ltr'>fieret,</span> <span class='ocrx_word' id='word_1_119' title='bbox 824 2565 903 2633; x_wconf 81' lang='lat' dir='ltr'>Sex.</span> <span class='ocrx_word' id='word_1_120' title='bbox 929 2560 1042 2632; x_wconf 70' lang='lat' dir='ltr'>Elius</span> <span class='ocrx_word' id='word_1_121' title='bbox 1066 2562 1181 2631; x_wconf 81' lang='lat' dir='ltr'>Paetus</span> <span class='ocrx_word' id='word_1_122' title='bbox 1203 2571 1239 2628; x_wconf 91' lang='lat' dir='ltr'>et</span> 
     </span>
     <span class='ocr_line' id='line_1_20' title="bbox 168 2667 1239 2766; baseline -0.006 -24"><span class='ocrx_word' id='word_1_123' title='bbox 168 2672 210 2742; x_wconf 91' lang='lat' dir='ltr'>C.</span> <span class='ocrx_word' id='word_1_124' title='bbox 237 2667 426 2738; x_wconf 89' lang='lat' dir='ltr'>Cornelius</span> <span class='ocrx_word' id='word_1_125' title='bbox 444 2667 626 2766; x_wconf 77' lang='lat' dir='ltr'>Cethegus</span> <span class='ocrx_word' id='word_1_126' title='bbox 647 2693 814 2740; x_wconf 88' lang='lat' dir='ltr'>censores</span> <span class='ocrx_word' id='word_1_127' title='bbox 836 2671 1133 2755; x_wconf 86' lang='lat' dir='ltr'>intervenerunt,</span> <span class='ocrx_word' id='word_1_128' title='bbox 1156 2692 1239 2737; x_wconf 88' lang='lat' dir='ltr'>cum</span> 
     </span>
     <span class='ocr_line' id='line_1_21' title="bbox 168 2774 1236 2876; baseline -0.002 -28"><span class='ocrx_word' id='word_1_129' title='bbox 168 2777 418 2872; x_wconf 83' lang='lat' dir='ltr'>indignatione</span> <span class='ocrx_word' id='word_1_130' title='bbox 429 2776 555 2874; x_wconf 88' lang='lat' dir='ltr'>plebis.</span> <span class='ocrx_word' id='word_1_131' title='bbox 571 2778 733 2850; x_wconf 88' lang='lat' dir='ltr'>Coloniae</span> <span class='ocrx_word' id='word_1_132' title='bbox 743 2774 948 2876; x_wconf 79' lang='lat' dir='ltr'>pleraeque³</span> <span class='ocrx_word' id='word_1_133' title='bbox 962 2777 1126 2848; x_wconf 85' lang='lat' dir='ltr'>deductae</span> <span class='ocrx_word' id='word_1_134' title='bbox 1141 2790 1236 2846; x_wconf 91' lang='lat' dir='ltr'>sunt.</span> 
     </span>
     <span class='ocr_line' id='line_1_22' title="bbox 168 2886 1238 2986; baseline 0.001 -29"><span class='ocrx_word' id='word_1_135' title='bbox 168 2891 219 2957; x_wconf 92' lang='grc' dir='ltr'>Μ.</span> <span class='ocrx_word' id='word_1_136' title='bbox 231 2887 378 2958; x_wconf 86' lang='lat' dir='ltr'>Porcius</span> <span class='ocrx_word' id='word_1_137' title='bbox 387 2891 476 2957; x_wconf 88' lang='lat' dir='ltr'>Cato</span> <span class='ocrx_word' id='word_1_138' title='bbox 489 2886 534 2960; x_wconf 90' lang='lat' dir='ltr'>de</span> <span class='ocrx_word' id='word_1_139' title='bbox 547 2890 717 2986; x_wconf 88' lang='lat' dir='ltr'>Hispania</span> <span class='ocrx_word' id='word_1_140' title='bbox 727 2888 973 2986; x_wconf 88' lang='lat' dir='ltr'>triumphavit.</span> <span class='ocrx_word' id='word_1_141' title='bbox 985 2891 1056 2958; x_wconf 89' lang='lat' dir='ltr'>Res</span> <span class='ocrx_word' id='word_1_142' title='bbox 1065 2900 1238 2985; x_wconf 82' lang='lat' dir='ltr'>praeterea</span> 
     </span>
     <span class='ocr_line' id='line_1_23' title="bbox 63 2993 1238 3093; baseline 0.002 -27"><span class='ocrx_word' id='word_1_143' title='bbox 63 3017 65 3029; x_wconf 93' lang='grc'><em>·</em></span> <span class='ocrx_word' id='word_1_144' title='bbox 167 2997 208 3066; x_wconf 93' lang='lat' dir='ltr'>in</span> <span class='ocrx_word' id='word_1_145' title='bbox 225 2995 412 3093; x_wconf 87' lang='lat' dir='ltr'>Hispania,</span> <span class='ocrx_word' id='word_1_146' title='bbox 431 3009 468 3066; x_wconf 88' lang='lat' dir='ltr'>et</span> <span class='ocrx_word' id='word_1_147' title='bbox 482 2996 654 3073; x_wconf 85' lang='lat' dir='ltr'>adversus</span> <span class='ocrx_word' id='word_1_148' title='bbox 675 2999 781 3071; x_wconf 90' lang='lat' dir='ltr'>Boios</span> <span class='ocrx_word' id='word_1_149' title='bbox 799 3013 836 3070; x_wconf 90' lang='lat' dir='ltr'>et</span> <span class='ocrx_word' id='word_1_150' title='bbox 849 2997 1022 3070; x_wconf 87' lang='lat' dir='ltr'>Insubres</span> <span class='ocrx_word' id='word_1_151' title='bbox 1041 2993 1165 3068; x_wconf 87' lang='lat' dir='ltr'>Gallos</span> <span class='ocrx_word' id='word_1_152' title='bbox 1183 2996 1238 3069; x_wconf 86' lang='lat' dir='ltr'>le-</span> 
     </span>
     <span class='ocr_line' id='line_1_24' title="bbox 168 3104 1237 3204; baseline 0.001 -26"><span class='ocrx_word' id='word_1_153' title='bbox 168 3106 284 3178; x_wconf 88' lang='lat' dir='ltr'>liciter</span> <span class='ocrx_word' id='word_1_154' title='bbox 304 3121 410 3204; x_wconf 83' lang='lat' dir='ltr'>gestae</span> <span class='ocrx_word' id='word_1_155' title='bbox 432 3104 649 3178; x_wconf 84' lang='lat' dir='ltr'>referuntur.</span> <span class='ocrx_word' id='word_1_156' title='bbox 667 3112 707 3180; x_wconf 88' lang='lat' dir='ltr'>T.</span> <span class='ocrx_word' id='word_1_157' title='bbox 727 3108 896 3197; x_wconf 88' lang='lat' dir='ltr'>Quintius</span> <span class='ocrx_word' id='word_1_158' title='bbox 913 3107 1154 3196; x_wconf 87' lang='lat' dir='ltr'>Flamininus,</span> <span class='ocrx_word' id='word_1_159' title='bbox 1174 3110 1237 3203; x_wconf 91' lang='lat' dir='ltr'>qui</span> 
     </span>
    </p>
   </div>
   <div class='ocr_carea' id='block_1_5' title="bbox 168 3213 1360 3317">
    <p class='ocr_par' dir='ltr' id='par_1_5' title="bbox 168 3213 1360 3317">
     <span class='ocr_line' id='line_1_25' title="bbox 168 3213 1360 3317; baseline 0.002 -31"><span class='ocrx_word' id='word_1_160' title='bbox 168 3214 375 3314; x_wconf 89' lang='lat' dir='ltr'>Philippum</span> <span class='ocrx_word' id='word_1_161' title='bbox 400 3213 643 3292; x_wconf 79' lang='lat' dir='ltr'>Macedonum</span> <span class='ocrx_word' id='word_1_162' title='bbox 666 3241 787 3317; x_wconf 79' lang='lat' dir='ltr'>regem</span> <span class='ocrx_word' id='word_1_163' title='bbox 811 3235 847 3290; x_wconf 91' lang='lat' dir='ltr'>et</span> <span class='ocrx_word' id='word_1_164' title='bbox 871 3217 1049 3293; x_wconf 81' lang='lat' dir='ltr'>Nabidem</span> <span class='ocrx_word' id='word_1_165' title='bbox 1073 3219 1237 3296; x_wconf 86' lang='lat' dir='ltr'>Lacedae·</span> <span class='ocrx_word' id='word_1_166' title='bbox 1324 3243 1360 3272; x_wconf 50' lang='grc' dir='ltr'>ν’</span> 
     </span>
    </p>
   </div>
   <div class='ocr_carea' id='block_1_6' title="bbox 168 3327 1237 3538">
    <p class='ocr_par' dir='ltr' id='par_1_6' title="bbox 168 3327 1237 3538">
     <span class='ocr_line' id='line_1_26' title="bbox 168 3327 1237 3426; baseline 0.004 -32"><span class='ocrx_word' id='word_1_167' title='bbox 168 3327 378 3398; x_wconf 89' lang='lat' dir='ltr'>moniorum</span> <span class='ocrx_word' id='word_1_168' title='bbox 407 3343 603 3424; x_wconf 85' lang='lat' dir='ltr'>tyrannum</span> <span class='ocrx_word' id='word_1_169' title='bbox 632 3331 787 3417; x_wconf 84' lang='lat' dir='ltr'>vicerat,</span> <span class='ocrx_word' id='word_1_170' title='bbox 816 3330 1062 3426; x_wconf 71' lang='lat' dir='ltr'>Graeciamque</span> <span class='ocrx_word' id='word_1_171' title='bbox 1091 3353 1237 3400; x_wconf 89' lang='lat' dir='ltr'>omnem</span> 
     </span>
     <span class='ocr_line' id='line_1_27' title="bbox 168 3433 1235 3538; baseline 0.005 -33"><span class='ocrx_word' id='word_1_172' title='bbox 168 3433 399 3525; x_wconf 87' lang='lat' dir='ltr'>liberaverat,</span> <span class='ocrx_word' id='word_1_173' title='bbox 425 3437 474 3508; x_wconf 89' lang='lat' dir='ltr'>ob</span> <span class='ocrx_word' id='word_1_174' title='bbox 500 3437 592 3510; x_wconf 87' lang='lat' dir='ltr'>hanc</span> <span class='ocrx_word' id='word_1_175' title='bbox 617 3465 739 3512; x_wconf 88' lang='lat' dir='ltr'>rerum</span> <span class='ocrx_word' id='word_1_176' title='bbox 763 3455 943 3538; x_wconf 82' lang='lat' dir='ltr'>gestarum</span> <span class='ocrx_word' id='word_1_177' title='bbox 966 3439 1235 3512; x_wconf 86' lang='lat' dir='ltr'>multitudinem</span> 
     </span>
    </p>
   </div>
   <div class='ocr_carea' id='block_1_7' title="bbox 167 3649 1237 4192">
    <p class='ocr_par' dir='ltr' id='par_1_7' title="bbox 167 3649 1237 4037">
     <span class='ocr_line' id='line_1_28' title="bbox 203 3649 1237 3717; baseline 0.004 -20"><span class='ocrx_word' id='word_1_178' title='bbox 203 3650 273 3698; x_wconf 69' lang='lat' dir='ltr'>Earn.</span> <span class='ocrx_word' id='word_1_179' title='bbox 288 3649 412 3699; x_wconf 73' lang='lat' dir='ltr'>XXXIV.</span> <span class='ocrx_word' id='word_1_180' title='bbox 434 3668 459 3701; x_wconf 82' lang='lat' dir='ltr'>x.</span> <span class='ocrx_word' id='word_1_181' title='bbox 480 3652 549 3702; x_wconf 78' lang='lat' dir='ltr'>Bello</span> <span class='ocrx_word' id='word_1_182' title='bbox 568 3652 678 3710; x_wconf 81' lang='lat' dir='ltr'>Punico,</span> <span class='ocrx_word' id='word_1_183' title='bbox 723 3652 770 3700; x_wconf 83' lang='lat' dir='ltr'>bns</span> <span class='ocrx_word' id='word_1_184' title='bbox 783 3653 928 3713; x_wconf 74' lang='lat' dir='ltr'>statucud03</span> <span class='ocrx_word' id='word_1_185' title='bbox 937 3656 1015 3704; x_wconf 82' lang='lat' dir='ltr'>Gnon.</span> <span class='ocrx_word' id='word_1_186' title='bbox 1026 3653 1064 3703; x_wconf 84' lang='lat' dir='ltr'>Gl.</span> <span class='ocrx_word' id='word_1_187' title='bbox 1074 3653 1128 3700; x_wconf 86' lang='lat' dir='ltr'>Liv.</span> <span class='ocrx_word' id='word_1_188' title='bbox 1139 3668 1194 3717; x_wconf 86' lang='lat' dir='ltr'>cap.</span> <span class='ocrx_word' id='word_1_189' title='bbox 1207 3655 1237 3716; x_wconf 98' lang='grc'>6,</span> 
     </span>
     <span class='ocr_line' id='line_1_29' title="bbox 167 3727 1235 3794; baseline 0.005 -19"><span class='ocrx_word' id='word_1_190' title='bbox 167 3742 203 3776; x_wconf 78' lang='lat' dir='ltr'>sc.</span> <span class='ocrx_word' id='word_1_191' title='bbox 217 3727 338 3787; x_wconf 79' lang='lat' dir='ltr'>secundo,</span> <span class='ocrx_word' id='word_1_192' title='bbox 349 3741 378 3780; x_wconf 84' lang='lat' dir='ltr'>nt</span> <span class='ocrx_word' id='word_1_193' title='bbox 390 3730 457 3794; x_wconf 81' lang='lat' dir='ltr'>apud</span> <span class='ocrx_word' id='word_1_194' title='bbox 469 3731 525 3781; x_wconf 75' lang='lat' dir='ltr'>niv.</span> <span class='ocrx_word' id='word_1_195' title='bbox 537 3733 617 3792; x_wconf 77' lang='lat' dir='ltr'>XLV,</span> <span class='ocrx_word' id='word_1_196' title='bbox 634 3739 679 3792; x_wconf 71' lang='lat'>14,</span> <span class='ocrx_word' id='word_1_197' title='bbox 723 3732 766 3780; x_wconf 88' lang='lat' dir='ltr'>lib.</span> <span class='ocrx_word' id='word_1_198' title='bbox 776 3733 817 3782; x_wconf 87' lang='lat' dir='ltr'>cit.</span> <span class='ocrx_word' id='word_1_199' title='bbox 828 3734 893 3787; x_wconf 79' lang='lat' dir='ltr'>atad</span> <span class='ocrx_word' id='word_1_200' title='bbox 905 3735 957 3792; x_wconf 82' lang='lat' dir='ltr'>IX,</span> <span class='ocrx_word' id='word_1_201' title='bbox 967 3736 1013 3793; x_wconf 73' lang='grc'>34,</span> <span class='ocrx_word' id='word_1_202' title='bbox 1024 3749 1049 3782; x_wconf 90' lang='lat' dir='ltr'>n.</span> <span class='ocrx_word' id='word_1_203' title='bbox 1061 3733 1091 3791; x_wconf 90' lang='grc'>6,</span> <span class='ocrx_word' id='word_1_204' title='bbox 1105 3734 1178 3791; x_wconf 71' lang='lat' dir='ltr'>etx,</span> <span class='ocrx_word' id='word_1_205' title='bbox 1195 3734 1235 3792; x_wconf 82' lang='lat'>13,</span> 
     </span>
     <span class='ocr_line' id='line_1_30' title="bbox 168 3807 1183 3881; baseline 0.008 -29"><span class='ocrx_word' id='word_1_206' title='bbox 168 3815 193 3852; x_wconf 81' lang='lat' dir='ltr'>et</span> <span class='ocrx_word' id='word_1_207' title='bbox 207 3807 330 3866; x_wconf 78' lang='lat' dir='ltr'>xxm,</span> <span class='ocrx_word' id='word_1_208' title='bbox 349 3824 360 3854; x_wconf 95' lang='lat'>1</span> <span class='ocrx_word' id='word_1_209' title='bbox 378 3819 402 3857; x_wconf 84' lang='lat' dir='ltr'>ct</span> <span class='ocrx_word' id='word_1_210' title='bbox 415 3810 447 3867; x_wconf 92' lang='grc'>6,</span> <span class='ocrx_word' id='word_1_211' title='bbox 457 3809 501 3857; x_wconf 86' lang='lat' dir='ltr'>ubi</span> <span class='ocrx_word' id='word_1_212' title='bbox 515 3819 594 3858; x_wconf 80' lang='lat' dir='ltr'>tamen</span> <span class='ocrx_word' id='word_1_213' title='bbox 607 3809 680 3861; x_wconf 82' lang='lat' dir='ltr'>simul</span> <span class='ocrx_word' id='word_1_214' title='bbox 722 3827 747 3862; x_wconf 93' lang='lat' dir='ltr'>n.</span> <span class='ocrx_word' id='word_1_215' title='bbox 758 3811 797 3861; x_wconf 76' lang='lat'>1³.</span> <span class='ocrx_word' id='word_1_216' title='bbox 811 3813 960 3878; x_wconf 80' lang='lat' dir='ltr'>Stringcndis</span> <span class='ocrx_word' id='word_1_217' title='bbox 969 3811 1122 3881; x_wconf 76' lang='lat' dir='ltr'>etfingeudis</span> <span class='ocrx_word' id='word_1_218' title='bbox 1133 3809 1183 3860; x_wconf 84' lang='lat' dir='ltr'>alii.</span> 
     </span>
     <span class='ocr_line' id='line_1_31' title="bbox 167 3884 1234 3958; baseline 0.007 -26"><span class='ocrx_word' id='word_1_219' title='bbox 167 3884 280 3934; x_wconf 79' lang='lat' dir='ltr'>consules</span> <span class='ocrx_word' id='word_1_220' title='bbox 294 3887 466 3945; x_wconf 72' lang='lat' dir='ltr'>nominantur,</span> <span class='ocrx_word' id='word_1_221' title='bbox 478 3887 569 3953; x_wconf 79' lang='lat' dir='ltr'>quibus</span> <span class='ocrx_word' id='word_1_222' title='bbox 584 3889 625 3938; x_wconf 84' lang='lat' dir='ltr'>lex</span> <span class='ocrx_word' id='word_1_223' title='bbox 643 3889 679 3938; x_wconf 78' lang='lat' dir='ltr'>ln·</span> <span class='ocrx_word' id='word_1_224' title='bbox 759 3893 785 3940; x_wconf 80' lang='lat'>3.</span> <span class='ocrx_word' id='word_1_225' title='bbox 798 3891 1056 3958; x_wconf 73' lang='lat' dir='ltr'>Colonioepleroeque5</span> <span class='ocrx_word' id='word_1_226' title='bbox 1068 3890 1150 3939; x_wconf 83' lang='lat' dir='ltr'>mallet</span> <span class='ocrx_word' id='word_1_227' title='bbox 1162 3890 1234 3940; x_wconf 85' lang='lat' dir='ltr'>Crev.</span> 
     </span>
     <span class='ocr_line' id='line_1_32' title="bbox 168 3969 1234 4037; baseline 0.006 -25"><span class='ocrx_word' id='word_1_228' title='bbox 168 3972 192 4012; x_wconf 75' lang='lat' dir='ltr'>ta</span> <span class='ocrx_word' id='word_1_229' title='bbox 207 3973 253 4010; x_wconf 71' lang='lat' dir='ltr'>ert.</span> <span class='ocrx_word' id='word_1_230' title='bbox 722 3969 824 4018; x_wconf 71' lang='lat' dir='ltr'>colonia</span> <span class='ocrx_word' id='word_1_231' title='bbox 828 3971 926 4034; x_wconf 69' lang='lat' dir='ltr'>plores,</span> <span class='ocrx_word' id='word_1_232' title='bbox 939 3972 1031 4037; x_wconf 86' lang='lat' dir='ltr'>quode</span> <span class='ocrx_word' id='word_1_233' title='bbox 1045 3981 1094 4020; x_wconf 83' lang='lat' dir='ltr'>vet.</span> <span class='ocrx_word' id='word_1_234' title='bbox 1106 3970 1152 4018; x_wconf 89' lang='lat' dir='ltr'>lib.</span> <span class='ocrx_word' id='word_1_235' title='bbox 1162 3970 1234 4018; x_wconf 75' lang='lat' dir='ltr'>affert</span> 
     </span>
    </p>

    <p class='ocr_par' dir='ltr' id='par_1_8' title="bbox 168 4041 1232 4192">
     <span class='ocr_line' id='line_1_33' title="bbox 203 4041 1232 4112; baseline 0.009 -24"><span class='ocrx_word' id='word_1_236' title='bbox 203 4057 229 4089; x_wconf 80' lang='lat' dir='ltr'>a.</span> <span class='ocrx_word' id='word_1_237' title='bbox 238 4041 400 4109; x_wconf 76' lang='lat' dir='ltr'>Definiendis</span> <span class='ocrx_word' id='word_1_238' title='bbox 408 4061 442 4094; x_wconf 84' lang='lat' dir='ltr'>m.</span> <span class='ocrx_word' id='word_1_239' title='bbox 456 4045 558 4096; x_wconf 72' lang='lat' dir='ltr'>cultibtts</span> <span class='ocrx_word' id='word_1_240' title='bbox 564 4082 575 4106; x_wconf 89' lang='lat'>‚</span> <span class='ocrx_word' id='word_1_241' title='bbox 586 4046 617 4096; x_wconf 87' lang='lat' dir='ltr'>de</span> <span class='ocrx_word' id='word_1_242' title='bbox 626 4062 676 4098; x_wconf 83' lang='lat' dir='ltr'>ruo·</span> <span class='ocrx_word' id='word_1_243' title='bbox 721 4049 844 4112; x_wconf 75' lang='lat' dir='ltr'>Sigonius.</span> <span class='ocrx_word' id='word_1_244' title='bbox 859 4052 907 4100; x_wconf 87' lang='lat' dir='ltr'>Sed</span> <span class='ocrx_word' id='word_1_245' title='bbox 922 4051 977 4104; x_wconf 88' lang='lat' dir='ltr'>vide</span> <span class='ocrx_word' id='word_1_246' title='bbox 1000 4051 1030 4102; x_wconf 85' lang='lat' dir='ltr'>ad</span> <span class='ocrx_word' id='word_1_247' title='bbox 1052 4051 1105 4098; x_wconf 85' lang='lat' dir='ltr'>Liv.</span> <span class='ocrx_word' id='word_1_248' title='bbox 1124 4051 1163 4110; x_wconf 79' lang='lat' dir='ltr'>X,</span> <span class='ocrx_word' id='word_1_249' title='bbox 1184 4051 1232 4108; x_wconf 81' lang='lat'>13,</span> 
     </span>
     <span class='ocr_line' id='line_1_34' title="bbox 168 4119 864 4192; baseline 0.013 -25"><span class='ocrx_word' id='word_1_250' title='bbox 168 4120 200 4168; x_wconf 92' lang='lat' dir='ltr'>do</span> <span class='ocrx_word' id='word_1_251' title='bbox 211 4119 308 4186; x_wconf 83' lang='lat' dir='ltr'>fineque</span> <span class='ocrx_word' id='word_1_252' title='bbox 320 4123 427 4172; x_wconf 87' lang='lat' dir='ltr'>cultibus</span> <span class='ocrx_word' id='word_1_253' title='bbox 440 4135 464 4172; x_wconf 86' lang='lat' dir='ltr'>et</span> <span class='ocrx_word' id='word_1_254' title='bbox 478 4142 562 4176; x_wconf 86' lang='lat' dir='ltr'>eorum</span> <span class='ocrx_word' id='word_1_255' title='bbox 576 4127 678 4192; x_wconf 85' lang='lat' dir='ltr'>sumpti·</span> <span class='ocrx_word' id='word_1_256' title='bbox 721 4144 747 4175; x_wconf 92' lang='lat' dir='ltr'>n.</span> <span class='ocrx_word' id='word_1_257' title='bbox 765 4145 806 4177; x_wconf 84' lang='lat'>12.</span> <span class='ocrx_word' id='word_1_258' title='bbox 819 4131 864 4178; x_wconf 86' lang='lat' dir='ltr'>En.</span> 
     </span>
    </p>
   </div>
   <div class='ocr_carea' id='block_1_8' title="bbox 0 0 1492 4712">
    <p class='ocr_par' dir='ltr' id='par_1_9' title="bbox 0 0 1492 4712">
     <span class='ocr_line' id='line_1_35' title="bbox 0 0 1492 4712; baseline 0 0"><span class='ocrx_word' id='word_1_259' title='bbox 0 0 1492 4712; x_wconf 95' lang='lat' dir='ltr'> </span> 
     </span>
    </p>
   </div>
  </div>
 </body>
</html>
