2970 4712
276 356 342 428 352
696 364 734 428 Τ.
767 364 933 431 ΙΛΙῊΓ
1188 353 1309 454 ζζζξζζξξ

273 495 454 561 curaverat,
469 495 500 543 et
515 479 743 568 Antigenides,
759 482 1023 571 Seleucidesque,
1041 503 1074 550 et
1087 487 1264 574 Thericlea,
1280 515 1334 557 ca·

272 597 404 668 teraque
415 581 530 668 pocula
547 603 695 663 esaum,
713 582 832 669 quibus
844 583 950 647 Persei
968 584 1104 651 triclinia
1121 590 1329 656 ornabantur.

271 682 406 746 Subibat
426 681 533 746 Persei
556 705 671 746 currus
696 683 764 762 ejus
785 684 882 746 armis
900 700 1056 764 onustus,
1082 687 1195 754 addito
1220 690 1329 756 diade-

271 800 366 849 mate.
390 784 593 870 Sequebatur
612 783 813 872 captivorum
838 807 976 873 agmen:
994 786 1089 862 Bitia,
1108 790 1219 878 Cotyis
1249 794 1329 881 regis

197 890 199 897 ’
270 884 371 967 filius,
389 885 482 962 obses
500 885 533 948 in
549 884 772 948 Macedoniam
789 908 807 948 a
822 901 912 974 patre
924 887 1058 969 missus,
1073 889 1244 956 acdeinde
1257 917 1329 957 cum

269 985 377 1048 Persei
401 984 510 1048 liberis
531 1000 643 1072 captus
667 1008 686 1047 a
710 986 882 1067 Romanis3
909 1001 980 1050 tum
1002 987 1065 1076 ipsi
1095 991 1203 1055 Persei
1221 994 1330 1077 liberi,

269 1087 444 1152 comitante
477 1085 689 1154 educaturum
714 1103 746 1149 et
775 1087 1004 1176 magistrorum
1038 1091 1180 1177 agmine,
1213 1116 1329 1159 manus

269 1187 310 1251 ad
332 1202 526 1275 spectatores
544 1209 619 1253 cum
638 1187 787 1274 lacrymis
808 1187 1031 1258 miserabiliter
1053 1191 1277 1277 tendentium,
1299 1215 1331 1260 et

268 1289 456 1352 docentium
471 1309 605 1375 pueros,
621 1286 855 1376 implorandam
869 1289 1055 1377 suppliciter
1071 1291 1202 1357 victoris
1218 1297 1330 1383 populi

267 1388 529 1455 misericordiam.
558 1390 627 1453 Filii
646 1405 737 1452 erant
754 1387 833 1471 duo,
850 1390 956 1478 puella
974 1413 1071 1472 una,¹
1087 1393 1144 1480 qui
1165 1417 1209 1457 eo
1230 1397 1330 1476 maJ'oi

267 1515 335 1555 rem
358 1491 530 1556 movebant
553 1491 791 1555 miserationem
821 1491 1039 1579 spectantibus
1047 1510 1061 1569 ‚'
1079 1495 1168 1580 quod
1194 1496 1255 1584 ipsi
1272 1509 1329 1584 pe'r

266 1609 389 1658 aemtem
418 1592 471 1655 vix
496 1592 579 1654 mala
604 1613 661 1654 sua
684 1590 860 1680 intelligere
880 1607 1041 1678 poterant.
1068 1595 1188 1682 Itaque
1199 1597 1328 1684 plurimi

266 1696 420 1782 lacrymas
440 1709 550 1758 tenere
564 1714 632 1755 non
648 1706 845 1780 potueruut,
870 1708 902 1756 et
925 1692 1083 1757 omnibus
1098 1695 1247 1760 conl'udit
1267 1698 1328 1760 ani·

266 1791 356 1887 mum
375 1795 490 1860 tacitus
509 1793 641 1881 quidam
664 1815 799 1874 moeror,
823 1792 880 1879 qui
896 1792 1022 1859 sincero
1039 1816 1094 1858 eos
1115 1796 1180 1860 frui
1194 1797 1326 1886 gaudio,

265 1895 420 1985 quamdiu
452 1895 520 1958 sub
542 1895 643 1958 oculis
669 1894 771 1980 pueri
788 1893 943 1976 fuerunt,
964 1918 1049 1962 ,uon
1076 1895 1206 1962 sineret.
1237 1900 1327 1963 Pone

265 1997 347 2060 lilios
365 1994 533 2059 incedebat
545 2018 621 2060 cum
634 2017 734 2058 uxore
749 1993 900 2075 Perseus,
914 1994 1005 2083 pullo
1019 1996 1154 2077 amictu,
1170 2020 1247 2060 cum
1263 2021 1326 2062 cre·

264 2097 349 2186 pidis
358 2097 460 2161 Graeci
475 2097 584 2176 moris,
602 2095 746 2183 stupenti
758 2112 790 2158 et
804 2094 943 2164 attonito
949 2094 1082 2176 similis,
1095 2113 1127 2159 et
1140 2099 1195 2160 cui
1209 2101 1326 2188 magni-

263 2199 343 2264 tudo
360 2199 519 2262 malorum
538 2212 681 2261 mentem
699 2196 834 2262 omniuo
851 2195 1005 2283 eripuisse
1022 2196 1195 2264 rideretur.
1208 2200 1326 2287 Seque·

261 2303 357 2367 batur
368 2299 547 2365 amicorum
566 2314 598 2362 et
614 2297 817 2360 familiarium
829 2297 941 2379 turba,
956 2321 1097 2386 quorum
1110 2299 1144 2364 in
1160 2302 1253 2366 vultu
1264 2300 1324 2364 do-

262 2404 312 2466 lor
326 2401 428 2492 gravis
452 2398 630 2478 eminebat,
650 2398 789 2486 quique,
808 2422 911 2487 quum
927 2421 1057 2496 semper·
1070 2403 1182 2466 oculos
1198 2403 1233 2465 iu
1249 2425 1323 2466 eum

262 2503 413 2593 figerent,
429 2499 577 2588 lacrymis
591 2500 731 2588 rigantes
747 2523 820 2582 ora,
842 2500 916 2564 satis
932 2499 1136 2585 indicabant,
1155 2526 1225 2568 sese
1236 2505 1322 2584 illius

260 2605 369 2669 dolere
390 2601 498 2682 malis,
517 2625 652 2666 suorum
676 2602 892 2667 immemores.
921 2604 1013 2668 Hauc
1029 2605 1164 2694 quidem
1186 2607 1323 2694 ignomi-

260 2707 348 2771 niam
373 2706 560 2793 deprecatus
575 2719 653 2794 erat
673 2703 825 2784 Perseus,
849 2702 953 2770 missis
979 2703 1020 2771 ad
1043 2705 1236 2788 AEmilium,
1266 2707 1321 2794 qui

259 2821 404 2887 orarent,
418 2828 459 2869 ue
478 2804 512 2867 in
530 2805 698 2891 triumpho
714 2804 897 2870 duceretur.
915 2805 997 2869 Risit
1012 2805 1163 2872 AEmilius
1180 2809 1320 2872 hominis

259 2908 436 2999 ignaviam,
454 2922 503 2986 et,
521 2902 555 2969 id
571 2905 720 2992 quidem,
742 2905 865 2993 inquit,
885 2907 919 2970 in
938 2905 1038 2995 ipsius
1052 2924 1086 2972 et
1102 2909 1228 2997 pridem
1243 2909 1319 2989 fuit,

259 3025 291 3072 et
306 3030 395 3072 nunc
406 3021 469 3086 est,
482 3027 581 3069 manu
593 3028 630 3069 ac
645 3021 822 3092 potestate:
837 3007 932 3073 tacite
945 3029 1101 3092 monens,
1114 3026 1152 3073 ut
1166 3033 1319 3100 generosa

259 3126 364 3174 morte
390 3107 439 3188 id,
468 3106 558 3195 quod
576 3107 761 3189 metuebat,
791 3107 930 3174 dedecus
957 3109 1124 3198 effugeret.
1149 3113 1213 3178 Sed
1237 3113 1318 3176 forte

258 3205 427 3276 consilium
447 3232 513 3272 non
531 3209 659 3273 admisit
675 3211 779 3274 mollis
791 3213 938 3293 animus,
951 3214 1103 3278 etnescio
1117 3237 1181 3302 qua
1193 3239 1248 3305 spe
1265 3213 1320 3279 de·

258 3314 393 3392 lenitus,
419 3311 532 3374 maluit
549 3309 583 3373 in
607 3311 721 3398 praedae
747 3334 813 3375 suae
830 3329 919 3401 parte
938 3313 1006 3400 ipse
1027 3317 1198 3380 numerari.
1229 3318 1316 3398 Qua·

258 3414 436 3502 dringentae
449 3411 525 3476 inde
541 3434 669 3476 coronae
684 3435 787 3477 aureae
802 3413 1026 3500 portabantur,
1039 3414 1151 3478 Paullo
1163 3417 1203 3479 ab
1217 3421 1318 3483 onmi-

257 3516 319 3580 bus
334 3515 402 3578 fere
414 3513 542 3580 Gracia
559 3528 591 3578 et
603 3514 683 3578 Asia
694 3513 886 3595 civitatibus,
905 3512 940 3576 in
959 3515 1205 3603 gratulationem
1214 3520 1317 3584 victo-

257 3617 322 3696 riae,
335 3637 393 3702 per
406 3613 528 3701 legatos
549 3612 637 3677 douo
653 3614 777 3676 missae:
795 3613 925 3702 grandis
949 3637 1042 3696 sane,
1061 3617 1089 3680 si
1107 3640 1165 3705 per
1186 3620 1315 3708 seipsae

255 3730 492 3806 spectarentur,
522 3714 635 3802 pretii,
667 3714 724 3778 sed
761 3715 931 3780 mediocris
958 3718 1096 3782 accessio
1124 3719 1313 3784 immanium

255 3842 375 3908 opum,
394 3840 466 3905 quae
482 3816 516 3892 in
534 3816 598 3880 hoc
618 3815 784 3904 triumpho
801 3833 987 3883 transvertas
1009 3818 1170 3908 fuerant]

289 4025 377 4070 Sorrc.
388 4021 450 4070 Plut.
462 4023 524 4069 AEm.
536 4047 570 4058 -
582 4022 645 4073 Fasti
656 4023 738 4086 Cupit.
756 4051 791 4058 —
800 4023 863 4070 Vell.
873 4027 965 4072 Patere.
977 4028 1005 4084 1,
1015 4042 1040 4088 9.
1053 4053 1085 4066 -··
1098 4027 1188 4094 Polyb
1198 4031 1315 4096 Excerpt.

254 4109 310 4168 Leg.
320 4105 363 4164 96.
373 4127 407 4138 -
416 4105 528 4150 Zonaras.
