2970 4712
208 385 333 488 ltljtlt
417 387 1020 478 nrsnaxnt.car.·xx111.
1180 404 1244 476 311

180 542 348 626 «potest,
364 528 504 625 aliquos
517 526 626 602 fuisse
640 527 739 627 apud
756 551 842 612 nos,
857 529 935 625 qui,
950 529 1045 625 regis
1059 512 1250 620 amicitiam

180 669 196 703 «
209 652 394 737 petentes,
408 639 552 736 plebem
567 654 728 712 nostram
744 638 900 727 consiliis
914 637 1172 737 depravarent?
1185 639 1251 735 qui

179 777 196 812 a
210 762 332 820 tamen
350 748 441 819 nihil
457 749 552 821 ultra
567 749 778 837 valuerunt,
795 773 905 847 quarn
923 763 966 820 ut
981 750 1021 820 in
1037 747 1160 822 officio
1175 773 1251 822 ces-

180 887 196 922 «
210 879 381 930 sanemus.
404 862 487 931 Non
508 858 702 958 praeteribo
725 858 783 946 id,
803 858 904 957 quod
927 858 1175 957 gravissimum
1196 873 1250 932 est

180 997 197 1032 «
209 969 249 1039 in
267 966 339 1038 hoc
353 966 451 1041 bello
466 969 603 1042 crimen
622 970 775 1042 civitatis
789 983 930 1070 nostrae.
948 972 1100 1066 Legatos
1118 969 1249 1042 eodem

179 1091 373 1176 «tempore
395 1078 494 1150 etad
516 1103 600 1165 vos,
622 1093 659 1152 et
678 1078 723 1152 ad
742 1085 870 1152 Persea
892 1079 937 1150 de
961 1102 1049 1176 pace
1066 1078 1246 1153 misimus:

178 1187 311 1285 «quod
337 1186 462 1261 infelix
485 1190 676 1262 consilium
699 1188 858 1264 furiosus
875 1189 941 1286 (nt
962 1203 1088 1287 postea
1110 1188 1247 1260 audivi-

178 1327 195 1362 «
211 1299 316 1396 mus)
341 1297 490 1372 orator⁵
515 1302 768 1374 stultissimum
790 1298 894 1388 fecit3
916 1322 1026 1396 quem
1045 1299 1097 1370 sic
1113 1297 1248 1395 loquu-

176 1437 193 1472 α
207 1421 287 1479 tum
299 1423 460 1498 constat,
475 1425 648 1508 tanquam
661 1414 701 1482 C.
717 1410 890 1509 Popillius
904 1409 1045 1508 legatus
1057 1431 1248 1496 romanus,

175 1542 317 1615 «quern
334 1521 379 1592 ad
396 1520 667 1595 submovendos
686 1547 707 1594 a
724 1521 824 1594 bello
836 1521 1057 1594 Antiochum
1076 1534 1113 1592 et
1128 1519 1247 1592 Ptole-

177 1657 196 1693 a
208 1652 338 1702 meum
351 1655 455 1730 reges
470 1632 634 1721 misistis,
650 1632 872 1730 loqueretur.
887 1630 958 1704 Sed
973 1646 1094 1704 tamen
1106 1652 1160 1718 ea,
1175 1631 1249 1702 sive

175 1767 192 1802 «
207 1739 377 1838 superbia
400 1744 473 1814 sive
494 1743 645 1814 stultitia
667 1743 883 1842 appellanda
904 1756 978 1828 est,
1000 1741 1143 1830 eadem,
1166 1765 1246 1838 quae

176 1877 193 1911 n
207 1849 304 1947 apud
314 1875 397 1940 vos,
409 1868 446 1924 et
456 1853 555 1952 apud
568 1860 695 1928 Persea
705 1852 785 1929 fuit.
799 1860 886 1928 Tam
900 1856 1117 1943 civitatium,
1133 1877 1243 1952 quam

175 1961 431 2059 «singulorum
456 1963 647 2038 hominum
676 1989 794 2038 mores
818 1982 926 2052 sunt;
951 1979 1077 2064 gentes
1095 1988 1245 2061 quoquc

174 2068 279 2141 «aliae
300 2071 501 2161 iracundae,
525 2075 601 2146 aliae
626 2075 800 2164 audaces,
828 2075 994 2173 quaedam
1022 2073 1156 2145 timidae
1178 2073 1245 2144 :in

175 2209 192 2244 n
205 2181 349 2272 vinum,
367 2185 407 2256 in
428 2209 598 2258 venerem
621 2189 812 2285 proniores
833 2185 909 2258 aliae
928 2201 1024 2258 sunt.
1045 2184 1243 2256 Athenien·

174 2292 298 2364 «sium
317 2293 520 2393 populum⁶
542 2295 637 2370 lama
655 2313 709 2370 est
728 2297 882 2371 celerem
901 2313 937 2370 et
952 2320 1062 2396 supra
1076 2296 1169 2366 vires
1183 2319 1243 2364 au·
1275 2315 1293 2366 ὁ

173 2431 191 2465 ιε
205 2400 330 2476 dacem
356 2430 434 2480 esse
455 2406 501 2480 ad
526 2409 753 2498 conandum;
774 2408 1131 2482 Lacedaemoniorum
1151 2429 1243 2477 cun·

173 2528 378 2588 «ctatorem
398 2531 434 2590 et
453 2520 511 2588 vix
531 2522 569 2590 in
590 2543 652 2605 ea,
671 2518 806 2618 quibus
824 2519 943 2608 fidia,
966 2515 1240 2617 ingredientem.

173 2627 285 2696 «Non
310 2630 536 2724 negaverim,
561 2644 598 2702 et
620 2643 734 2702 totam
756 2630 846 2702 Asiae
872 2631 1056 2726 regionem
1078 2625 1242 2698 inaniora

172 2762 189 2798 «
201 2758 329 2833 parere
359 2739 520 2837 ingenia,
546 2756 582 2812 et
609 2755 817 2813 nostrorum
846 2739 1078 2812 tumidiorem
1101 2757 1240 2808 sermo-

172 2870 289 2916 «nem
315 2871 391 2919 esse
400 2903 412 2934 1,
440 2849 542 2946 quod
565 2851 740 2923 excellere
765 2853 862 2924 inter
885 2849 1056 2922 finitimas
1081 2849 1241 2936 civitates

170 2985 187 3020 a
201 2953 411 3043 videamur3
442 2973 478 3029 et
503 2953 684 3056 idipsum
714 2976 890 3032 nontam
917 2959 1055 3032 viribus
1086 2957 1240 3044 nostris,

172 3097 188 3132 a
203 3089 313 3163 quarn
332 3070 459 3140 vestris
475 3069 679 3142 honoribus
698 3095 738 3144 ac
754 3071 911 3166 judiciis.
930 3072 1021 3144 Satis
1039 3066 1188 3167 quidem
1207 3081 1243 3138 et

172 3271 228 3320 ride
244 3273 276 3320 ad
289 3275 391 3337 XXVI,
409 3277 440 3334 8,
456 3293 481 3324 n.
499 3293 523 3340 9.
539 3277 603 3326 Mox
621 3277 684 3327 sorte
729 3289 753 3327 et
770 3279 848 3326 veluti
860 3279 882 3326 ti
896 3289 920 3326 et
934 3277 1006 3342 quasi
1021 3276 1056 3334 si,
1076 3276 1149 3324 docet
1165 3275 1241 3324 Dralt.

171 3350 221 3414 leg.
236 3349 429 3416 depravatricem
440 3355 597 3414 cessarirnus;
609 3355 683 3406 Dralr.
729 3357 887 3414 -Eadem,
908 3371 963 3420 quae
982 3355 1051 3420 apud
1068 3371 1114 3403 vos
1132 3355 1190 3413 luit,
1209 3355 1242 3402 le-

208 3431 232 3478 5.
241 3432 366 3492 Furiosus,
383 3447 412 3483 ut
425 3447 512 3500 postea
530 3436 682 3492 audirimus,
729 3429 795 3493 gatio
807 3429 908 3478 scilieet.

171 3521 264 3568 orator,
276 3524 325 3562 etc.
334 3515 433 3580 respicit
442 3516 523 3576 adea,
533 3516 684 3582 queXHV,
765 3511 789 3556 6.
806 3507 989 3556 Atheniensium
1004 3506 1140 3572 populum:
1159 3505 1241 3552 malim

175 3596 219 3652 14,
241 3589 272 3638 15
294 3592 416 3656 leguntur.
437 3595 575 3660 Agesipolis
603 3592 683 3644 oratio
730 3587 917 3644 Atheniensem,
946 3598 971 3634 et
1000 3601 1059 3633 mox
1086 3583 1240 3632 Lacedaemo-

172 3679 229 3733 post
239 3670 337 3720 allatam
349 3673 452 3722 Romam
462 3675 577 3724 nuntium
588 3675 619 3724 de
631 3677 684 3723 Per·
727 3669 808 3726 nium
820 3669 897 3716 Gron.
913 3667 964 3714 Sed
980 3665 1105 3728 vulgatum
1124 3662 1241 3726 exemplis

172 3763 215 3796 seo
238 3749 305 3798 victo
328 3766 481 3814 nequaquam
502 3765 551 3804 tam
576 3753 683 3802 insolens
728 3747 833 3796 firmavit
846 3745 920 3794 Drak.

173 3827 233 3875 luit:
248 3825 397 3888 eamltamen
409 3829 450 3877 hic
468 3831 624 3896 designari,e
636 3834 683 3882 1³0-
766 3845 788 3889 7.
802 3827 851 3874 Via
869 3822 894 3873 in
906 3834 954 3882 etr,
974 3822 1061 3888 qulbus
1067 3820 1145 3890 fidit,
1162 3819 1240 3884 ingre-

171 3907 227 3971 tyb.
246 3908 347 3970 XXIX,
366 3926 378 3970 7
392 3909 530 3976 colligitur;
548 3911 639 3962 Duker.
651 3939 685 3948 -
729 3906 848 3963 dientem,
860 3906 904 3954 vix
914 3921 941 3952 ea
956 3901 1137 3968 aggredientem
1147 3915 1191 3948 teu
1201 3915 1241 3946 co·

177 3988 305 4050 Tanquam
323 3988 349 4036 C.
363 3988 495 4054 Popillius·
511 3991 543 4040 ad
556 3992 686 4055 marginem
731 3997 840 4043 nantem,
851 4000 906 4050 quae
918 4001 942 4031 se
952 3982 1116 4048 perfecturum
1126 3996 1175 4028 este
1185 3994 1242 4026 con·

173 4066 236 4114 hirii
253 4067 353 4128 conjicit
371 4079 490 4134 tanquam
506 4073 528 4120 si
543 4073 581 4120 vir
599 4073 686 4122 doctae
731 4064 793 4114 fidit.
804 4091 838 4102 —
849 4064 1153 4112 Tamidioremsermonern
1163 4078 1173 4117 ;
1185 4057 1242 4104 vide

173 4147 225 4193 Jac.
241 4146 350 4194 Perizon.
366 4149 405 4195 lta'
417 4146 463 4196 hoc
476 4154 565 4216 pagaim
580 4152 642 4212 dici,
658 4164 686 4200 ut
731 4145 761 4194 ad
776 4147 865 4206 XXX,
879 4161 906 4192 11
921 4161 959 4205 ,n.
976 4145 999 4190 3.
