2984 4706
206 374 329 422 A-Acdfl

206 437 330 488 0000
405 394 581 462 Lissa
611 393 748 460 xciv
777 393 880 460 aar.
908 341 1014 460 xxi
1172 394 1244 464 005

180 543 254 614 que
276 515 385 588 millia
403 497 448 586 ab
470 517 570 584 Lisso
589 513 698 586 ducit.
723 515 816 584 Socii
840 513 967 587 erant⁶
987 521 1243 594 Romanorum.

179 634 306 724 ltaque
334 651 399 724 per
421 627 548 698 missos
569 625 715 697 nuntios
735 624 835 722 prius
857 625 1000 711 tentati,
1020 611 1246 706 obsidienem

181 738 276 834 pati,
299 759 408 832 qnam
426 733 558 806 dedere
579 759 676 818 sese,
698 734 912 807 maluerunt.
937 739 1217 814 Caravantium
1208 767 1246 812 in

180 849 297 918 Caviis
317 847 496 916 Durnium
522 845 721 944 oppidum⁷
748 844 998 918 advenientem
1016 846 1172 945 benigne
1190 875 1246 922 ac-

181 959 297 1054 cepit:
313 958 517 1030 Caravantis
530 957 641 1028 altera
655 955 744 1027 urbs
757 955 927 1042 exclusit,
942 970 999 1043 et,
1015 981 1129 1053 quum
1142 985 1247 1057 agros

181 1091 309 1138 eorum
326 1064 440 1137 effuse
454 1081 624 1153 vastaret,
639 1065 777 1162 aliquot
789 1065 896 1164 palati
909 1066 1039 1137 milites
1053 1073 1247 1165 agrestium

182 1200 363 1248 concursu
388 1175 566 1248 interfecti
596 1191 690 1248 sunt.
719 1181 797 1246 Iam
821 1191 858 1247 et
880 1179 947 1273 Ap.
975 1175 1166 1266 Claudius,
1192 1205 1248 1252 as.-

179 1289 335 1385 'sumptis
352 1287 395 1368 ad
416 1311 498 1358 eum
518 1288 734 1373 exercitum,
759 1311 870 1383 quem
893 1284 1069 1373 habebat,
1092 1289 1249 1362 Bull'mo-

179 1407 264 1468 'rum
279 1412 314 1468 et
328 1397 607 1500 Apolloniatium
623 1411 659 1468 et
671 1396 978 1494 Dyrrachinorum
997 1399 1152 1486 auxiliis,
1168 1427 1249 1500 pro-
1297 1485 1300 1494 γ

185 1507 300 1580 fectus
325 1535 367 1580 ex
395 1507 576 1594 hibernis,
601 1508 695 1578 circa
721 1510 935 1577 Genusuum
964 1531 1107 1579 amnem
1135 1525 1249 1590 castra

183 1619 361 1704 habebat3
389 1617 512 1689 audito
534 1616 669 1688 foedere
690 1618 784 1687 inter
804 1622 932 1687 Persea
948 1631 984 1687 et
998 1619 1193 1709 Gentium,
1216 1638 1251 1692 et

182 1733 383 1828 legatorum
396 1729 613 1800 violatorum
626 1721 780 1824 injuria8
796 1752 984 1816 accensus,
1000 1727 1249 1814 bellumhaud

183 1841 295 1914 dubie
308 1843 476 1912 adversus
492 1864 575 1911 eum
589 1852 764 1934 gesturus.
784 1837 926 1908 Anicius
941 1849 1084 1936 praetor,
1099 1863 1143 1910 eo
1160 1855 1249 1911 tem-

183 1976 272 2050 pore
296 1949 494 2050 Apolloniae
515 1936 672 2040 auditis,
700 1972 780 2044 quac
804 1950 841 2017 in
866 1947 1009 2044 Illyrico
1025 1967 1249 2045 gererentur,

180 2061 446 2184 praemissisque
464 2056 506 2128 ad
525 2060 682 2181 Appium
699 2057 830 2146 literis,
852 2073 893 2128 ut
913 2083 950 2130 se
970 2059 1014 2130 ad
1036 2064 1249 2132 Genusuum

183 2171 422 2269 opperiretur,
442 2168 563 2239 triduo
581 2183 616 2239 et
634 2169 711 2268 ipse
730 2171 767 2239 in
786 2183 899 2243 castra
916 2169 1034 2256 venit,
1059 2185 1095 2239 et
1118 2169 1162 2240 ad
1188 2196 1250 2260 ea,

184 2304 265 2376 quae
293 2277 470 2363 habebat,
499 2277 629 2349 auxilia
652 2276 904 2386 Parthinorum
924 2278 1083 2372 junctis9
1108 2279 1252 2355 duobus

185 2388 345 2460 millibus
370 2387 533 2486 peditum
566 2402 603 2457 et
633 2385 816 2484 equitibus
847 2379 1011 2496 ducentis
1043 2389 1254 2492 (peditibus

114 2516 119 2526 ·
187 2497 385 2596 Epicadus,
411 2496 593 2594 equitibus
611 2496 772 2593 Algalsus
797 2497 994 2594 praeerat),
1002 2499 1168 2597 parabat
1188 2503 1254 2577 du·

187 2631 269 2678 cere
287 2609 325 2679 in
346 2605 545 2703 Illyricum,
565 2606 719 2686 maxime
737 2621 780 2676 ut
796 2609 992 2689 Bassanitas
1012 2610 1167 2716 solveret
1185 2614 1251 2685 ob-

186 2784 302 2832 Ceraunii
320 2783 388 2832 sedes
407 2783 545 2832 habuerunt
558 2784 657 2854 quidem
670 2785 697 2832 in
741 2784 832 2832 chora.)
844 2786 889 2832 En.
902 2811 939 2823 --
953 2787 1123 2846 Bullinorm,·
1147 2792 1203 2840 vide
1220 2795 1252 2842 ad

188 2864 305 2929 Illyrico,
319 2880 371 2912 non
385 2879 443 2912 vero
463 2864 490 2910 in
503 2881 531 2914 ea
545 2875 629 2929 parte,
643 2879 697 2927 qnae
741 2865 950 2934 XXXV1,7,n
964 2868 1189 2928 91-Geuusuum
1198 2891 1250 2920 am

188 2944 321 3001 Dalmatiti,
334 2942 376 2989 sed
389 2957 444 3005 quae
455 2943 569 2990 Liburnia
583 2955 697 3000 vocatum
741 2959 795 2989 nem
812 2943 1021 3007 interApsumfl.
1040 2958 1063 2994 et
1079 2949 1251 3014 Apolloniam,

179 3023 254 3070 *unde
279 3021 439 3082 Caravantio,
462 3037 476 3068 a
498 3023 574 3070 fratre
596 3022 697 3080 Gentio,

145 3092 149 3100 ¹
189 3103 270 3165 quim
284 3101 405 3154 Dalmatia
425 3101 554 3150 Inbeamm
572 3117 617 3150 rex
632 3113 698 3159 erat,

188 3182 216 3229 in
233 3181 365 3230 Ceraunios
382 3181 472 3240 misso,
490 3181 636 3228 transeunda
652 3180 699 3228 fnit

190 3272 243 3307 tota
263 3259 381 3307 Dalmatia
401 3275 456 3306 cum
476 3275 561 3323 magna
577 3259 699 3307 Inbumiae

190 3350 266 3403 parte.
279 3337 385 3386 Diffiteri
401 3349 481 3386 tamen
494 3338 568 3397 nolo,
578 3337 698 3395 Plinium,

190 3420 242 3475 111,
254 3433 286 3464 aa
302 3433 344 3464 seu
362 3418 411 3476 26,
424 3418 450 3464 in
466 3407 593 3466 Dalmatiae
610 3417 699 3464 deseri·

180 3498 276 3561 ptione
288 3497 411 3544 Ceranms
423 3507 449 3544 et
457 3497 566 3544 Burnum
574 3495 698 3546 entellum

180 3591 347 3636 memorasse,
362 3587 387 3624 at
400 3591 454 3639 cap.
475 3591 505 3623 ar
522 3590 565 3624 sen
584 3577 626 3637 25,
639 3578 698 3624 Bur-

180 3655 266 3702 -nIstas
277 3655 304 3701 In
314 3653 429 3702 Liburnia
440 3677 460 3701 ι».
470 3655 546 3704 Drak.

226 3736 252 3782 6.
264 3734 376 3798 Quinque
387 3734 465 3782 millia
486 3735 519 3782 ab
539 3734 605 3782 Lisso
626 3734 698 3785 ducit.

190 3813 256 3861 Sosii
273 3823 344 3859 erant
361 3815 542 3868 Romanorum
557 3814 614 3861 vide
627 3831 699 3878 supra

191 3893 697 3954 ad1‚23‚n.r;111,abnuant,

192 3979 239 4031 at,
250 3987 275 4020 n.
288 3987 312 4020 a.

230 4069 253 4113 7.
260 4053 291 4098 In
303 4049 573 4116 GaviisDumiumopp.
581 4052 632 4101 vid.
641 4069 666 4101 n.
675 4053 699 4102 ὅ.

193 4159 228 4167 -—
242 4134 313 4179 llane
332 4131 417 4178 urbem
438 4147 503 4178 nnnc
520 4141 610 4178 vocant
625 4133 701 4180 Grac·

269 4219 368 4287 VIII

741 3039 791 3069 non
811 3023 884 3085 longe
902 3016 938 3070 ab
953 3025 1094 3089 AsparagIo
1113 3032 1184 3078 Forte
1205 3033 1251 3096 leg.

745 3101 882 3160 Genusum,
898 3114 928 3154 nt
944 3104 1010 3167 apud
1030 3109 1119 3157 Lucan.
1135 3111 1167 3166 V,
1189 3114 1248 3169 462.

742 3191 768 3228 et
780 3181 840 3228 Caes.
854 3181 913 3230 Bell.
932 3183 984 3230 Cir.
998 3186 1048 3252 III,
1064 3186 1106 3246 75,
1122 3189 1164 3250 76.
1177 3189 1249 3238 Conf.

741 3259 816 3307 Dralr.
829 3287 862 3295 -
873 3261 945 3308 Nunc
958 3263 1084 3312 Genusum
1092 3267 1170 3314 amnis
1179 3286 1250 3317 voca·

743 3349 783 3386 tur
795 3338 919 3388 Var'cessa.
933 3342 979 3388 En.

778 3419 802 3465 8.
821 3420 967 3482 legatorum
981 3421 1130 3470 violatorem
1143 3425 1234 3490 injuria
1241 3449 1251 3485 ,·

742 3500 809 3547 cons.
822 3511 932 3562 espen

778 3595 803 3641 9.
815 3581 849 3625 Ec
858 3577 895 3624 ad
901 3595 931 3625 ea
941 3614 948 3635 ,
960 3597 1016 3642 quer
1024 3579 1143 3640 habebat,
1155 3585 1253 3635 auxilia

743 3657 915 3704 Parthinorum
926 3658 1019 3722 juretis
1032 3662 1075 3724 (ut
1085 3662 1181 3722 XXIV,
1200 3665 1251 3727 34)

743 3737 849 3794 duobus,
863 3749 909 3785 etc.
921 3739 1001 3802 recepi
1015 3757 1046 3787 ex
1061 3743 1156 3789 emend.
1170 3746 1249 3794 Gron.

743 3816 825 3879 Vulgo
838 3817 927 3880 legitur
934 3817 1066 3880 juventutis
1083 3833 1129 3884 pro
1142 3821 1249 3886 sanetis,

743 3909 831 3962 etpost
839 3899 936 3947 auxilia
946 3915 959 3948 e
968 3901 1034 3960 conj.
1042 3903 1251 3965 SIgon.'insertum

744 3978 879 4042 assrrmprr's.
888 3980 949 4026 Mox
955 3994 1002 4042 pro
1009 3979 1122 4044 Algalsus
1131 3984 1172 4031 aln
1179 3987 1252 4050 Agal

744 4073 783 4102 sus
793 4069 817 4104 et
825 4059 931 4121 Agaues.
942 4059 979 4105 De
988 4058 1100 4122 Epicado
1110 4063 1177 4110 vid-⁸
1155 4077 1251 4132 intpp.

745 4138 810 4182 Suet
825 4139 888 4200 Aug.
903 4153 941 4199 ι9.

1095 4227 1134 4297 15
