2970 4712
203 416 329 520 ctat:
402 385 497 506 ιιι.
524 439 634 516 ιιι.
661 441 769 509 car.
795 443 900 508 xxr.
926 444 1048 510 xxrl.
1175 442 1243 538 307

176 559 292 622 Persea
307 559 513 642 Romanasne
534 559 644 624 animo
663 559 798 642 fuisset,
821 578 923 630 totam
947 562 989 627 de
1010 563 1146 628 Rhodiis
1165 588 1245 630 cou-

176 661 386 724 sultationem
404 660 492 741 rejici
516 685 600 750 opus
617 685 696 728 esse.
720 663 783 728 Sed
806 687 910 751 quum
929 664 1141 730 nihilominus
1163 691 1245 756 prae·

176 775 228 826 tor
244 764 450 850 propositum
466 781 614 852 urgeret,
635 787 674 830 eo
697 787 748 829 res
764 765 937 852 processit,
957 783 995 830 ut
1010 768 1182 833 Antonius
1193 772 1246 834 tri-

171 863 305 946 bunus,
320 864 489 952 productis
510 865 552 930 ad
567 866 728 954 populum
744 867 873 956 legatis,
885 866 1116 956 procedentem
1131 887 1245 936 contra

174 957 332 1032 Thalnam
349 982 381 1032 et
398 966 505 1034 dicere
518 967 728 1057 incipientem
744 968 785 1033 de
801 971 924 1032 Rostris
941 967 1142 1052 detraheret,
1157 973 1246 1037 Rho·

175 1066 303 1156 diisque
326 1071 519 1134 concionem
541 1070 710 1157 praeberet.
729 1071 906 1152 Caeterum,
921 1070 980 1134 etsi
997 1071 1194 1159 praecipitem
1207 1097 1245 1138 ac

173 1169 336 1235 fervidum
351 1173 497 1260 praetoris
516 1188 670 1236 conatum
684 1195 742 1259 par
758 1171 883 1236 tribuni
896 1170 1074 1258 pervicacia
1091 1170 1246 1238 discusse·

173 1287 238 1349 rat,
264 1272 413 1337 nondum
435 1289 543 1338 tamen
569 1296 647 1338 cura
673 1273 862 1338 discesserat
885 1273 1091 1338 Rhodiorum
1116 1275 1241 1341 animis.

173 1369 284 1437 Patres
301 1374 389 1438 enim
407 1389 498 1438 erant
516 1373 747 1439 infensissimi:
773 1361 811 1438 ut
833 1373 1017 1438 imminenti
1041 1376 1126 1439 malo
1147 1378 1243 1442 levati

173 1475 274 1564 magis
291 1474 324 1538 in
344 1499 483 1564 praesens
493 1474 629 1558 Rhodii,
642 1499 740 1564 quam
757 1476 894 1542 omnino
909 1475 1032 1540 liberati
1047 1491 1163 1545 essent.
1179 1479 1244 1568 Igi-

173 1592 228 1640 tur
246 1599 348 1664 quum
365 1576 423 1642 diu
439 1577 648 1665 multumque
664 1569 878 1665 precantibus
889 1575 1020 1639 tandem
1040 1593 1171 1643 senatus
1191 1578 1244 1643 da·

174 1695 225 1742 tus
240 1694 341 1761 esset,
360 1679 569 1743 introductio
584 1679 734 1765 consule,
752 1679 859 1766 primo
874 1678 1042 1766 prostratis
1059 1678 1152 1743 humi
1168 1703 1242 1746 cor·

170 1779 307 1867 poribus
338 1779 396 1844 diu
423 1777 536 1845 flentes
565 1779 748 1860 jacuerunt.
783 1777 926 1861 Deinde,
956 1802 1060 1866 quum
1090 1783 1242 1848 excitatos

171 1884 287 1946 consul
302 1882 409 1946 dicere
423 1879 585 1962 jussisset,
599 1879 809 1969 Astymedes,
834 1902 933 1967 quam
949 1882 1089 1945 maxime
1109 1907 1243 1973 compo·

170 1984 235 2048 sito
256 1983 297 2051 ad
313 1983 583 2050 commovendam
605 1982 844 2048 miserationem
861 1982 994 2064 habitu,
1020 1985 1054 2047 in
1067 1985 1241 2052 hunc'mo·

170 2086 251 2152 dum
269 2087 368 2151 verba
382 2087 479 2150 fecit.

213 2188 323 2252 XXII.
346 2187 434 2252 «Hic
461 2187 569 2252 luctus
601 2203 635 2250 et
664 2187 795 2274 squalor
822 2187 921 2301 paulo
948 2203 1023 2252 ante
1050 2166 1238 2256 florentium

170 2287 337 2351 “amicitia
346 2303 451 2352 vestra
464 2288 640 2369 sociorum,
651 2287 762 2352 Patres
774 2288 959 2378 conscripti,
967 2310 1035 2352 non
1047 2305 1156 2378 potest
1169 2315 1237 2382 non
1293 2356 1296 2360 ,

168 2418 180 2442 «
195 2411 264 2452 esse
294 2389 390 2453 etiam
412 2390 501 2453 iratis
526 2387 726 2454 miserabilis.
756 2391 798 2452 At
824 2405 948 2476 quanto
970 2387 1090 2468 justior
1113 2375 1237 2457 vestras
1266 2425 1267 2428 ¹

168 2519 181 2544 ι
196 2505 321 2553 mentes
351 2488 474 2554 subibit
503 2489 681 2582 miseratio,
708 2489 735 2552 si
760 2489 901 2592 cogitare
929 2491 1115 2574 volueritis,
1138 2516 1237 2581 quam
1322 2477 1325 2486 Ι

168 2590 278 2655 «dura
298 2591 489 2656 conditione
512 2614 639 2656 causam
663 2589 718 2655 hic
740 2582 831 2678 apud
848 2612 906 2655 vos
934 2598 1036 2678 prope
1060 2593 1126 2670 jam
1130 2593 1238 2659 dam-

167 2723 179 2746 «
194 2673 276 2757 natae
296 2693 432 2757 civitatis
447 2715 600 2784 agamus.
594 2691 608 2756 P
624 2693 737 2756 Caeteri
760 2693 808 2754 rei
817 2690 913 2756 fiunt
924 2709 1134 2780 ,antequam
1150 2693 1238 2770 dam-

166 2823 179 2848 «
195 2809 332 2858 nentur:
352 2816 414 2857 nec
435 2796 525 2882 prius
547 2795 645 2858 lu'unt
666 2792 852 2882 supplicia,
863 2791 962 2880 quain
984 2794 1027 2858 de
1043 2795 1137 2882 culpa
1155 2819 1236 2868 con·

165 2920 267 2966 «stet.
287 2900 425 2990 Rhodii]
451 2895 785 2993 peccaverimusne,
812 2894 931 2966 adhuc
956 2891 1136 2965 dubium1
1157 2913 1234 2969 est:

165 3033 183 3070 a
197 3001 342 3102 poenaS,
359 3004 574 3099 ignominias
591 3027 717 3098 ornnes
727 3005 800 3098 jam
817 3005 984 3101 patimur.
1001 3008 1136 3094 Antea,
1153 3010 1236 3077 Car-

164 3144 182 3178 «
196 3112 480 3212 thaginiensibus
497 3113 618 3201 victis,
639 3112 827 3212 Philippo,
847 3113 1027 3184 Antiocho
1044 3117 1233 3212 superatis,

165 3250 310 3323 «quum
334 3229 485 3297 Romam
510 3225 755 3312 venissemus,
778 3250 822 3294 ex
847 3223 995 3321 publico
1020 3224 1178 3322 hospitio
1196 3228 1233 3297 in

165 3364 182 3398 α
198 3336 333 3407 curiam
348 3335 565 3433 gratulatum
578 3333 694 3420 vobis,
707 3339 828 3405 Patres
844 3335 1057 3432 conscripti,
1076 3360 1121 3406 ex
1134 3339 1232 3409 curia

164 3473 180 3508 (ι
195 3443 233 3514 in
250 3446 467 3542 Capitolium
483 3443 530 3514 ad
544 3442 631 3516 deos
648 3459 785 3515 vestros
803 3441 900 3516 dona
918 3442 1115 3535 ferentes²;
1135 3471 1233 3530 nunc

198 3631 324 3678 Surenam.
334 3627 421 3691 Polyb.
428 3629 488 3676 Exc.
497 3630 578 3690 Legat.
590 3629 673 3690 93.-
717 3643 771 3692 quae
782 3627 872 3684 dixerit
880 3617 963 3676 orator
972 3628 1085 3677 Rhodius
1095 3631 1122 3677 in
1131 3643 1230 3692 senatu,

163 3709 245 3756 Livius
256 3706 318 3754 infre
331 3721 384 3771 cap.
395 3706 438 3754 25.
717 3722 789 3770 quam
800 3723 861 3770 que
865 3707 896 3764 ab
907 3723 937 3759 ao
954 3707 1004 3758 dici
1015 3709 1124 3772 potuisse
1139 3725 1169 3758 ac
1183 3711 1228 3760 de-

197 3787 255 3835 Gnr.
264 3787 351 3836 xxlt.
364 3801 386 3832 ι.
397 3785 619 3844 Perraverimusne,
630 3786 673 3836 ad·
716 3786 804 3836 buisae
813 3786 949 3850 putaverit,
965 3787 996 3846 in
1009 3788 1072 3836 hanc
1090 3789 1226 3844 orationem

162 3867 210 3914 luc
219 3864 319 3916 dubium
330 3875 382 3920 est
396 3874 443 3916 etc.
454 3862 507 3912 haec
517 3875 553 3912 est
562 3865 673 3929 Astyme
716 3866 863 3927 contulisse,
877 3866 949 3916 docet
958 3866 1024 3916 Dok
1105 3913 1108 3920 .

162 3945 212 4003 dis,
227 3943 346 4008 principis
361 3942 489 4007 leganoms
501 3943 670 4009 Rhodiorum
752 3962 776 3994 a.
797 3946 842 3994 Ad
857 3946 915 3996 deos
931 3958 1023 3996 vestros
1041 3946 1108 3994 dona
1116 3946 1226 4014 forentes

161 4024 241 4074 oratio
266 4011 405 4094 dnlputo;‚
431 4023 522 4073 Graecis
545 4023 671 4087 haudqua-
715 4040 750 4073 sc.
766 4023 938 4082 veniebamus‚·
952 4026 1021 4090 quod
1036 4026 1152 4087 verbum,
1157 4045 1176 4078 ‚a
1189 4031 1227 4080 Sit

160 4121 233 4168 quam
244 4104 362 4169 probatu
375 4102 426 4152 vid.
437 4103 524 4167 Polyb.
536 4105 627 4161 XXX,
642 4111 672 4162 t,
716 4103 792 4167 gonio
812 4104 998 4170 interpositum,
1019 4105 1152 4169 elegantius
1164 4109 1229 4158 reti·
1264 4172 1266 4176 ι

160 4183 480 4240 esoelt.vt1‚3.ttvium
498 4199 550 4232 non
565 4194 615 4232 tam
628 4199 672 4246 ca,
718 4183 767 4231 ceri
781 4194 806 4240 et
821 4200 852 4232 cx
869 4184 988 4257 proximis
1005 4185 1109 4248 intelllgi
1126 4187 1228 4250 putabat

1027 4298 1083 4343 20.
