2982 4702
224 336 250 438 l:
264 336 287 436 l:
302 333 348 435 {231
428 355 518 422 ms.
550 353 688 421 xmu.
717 354 822 422 cnr.
850 355 953 423 xxi
981 356 1103 424 xxu.
1192 355 1256 428 163

196 472 362 562 vocant⁶,
387 476 509 573 posuit
530 489 653 545 castra.
673 472 727 544 Ad
751 473 971 546 Arachthum
990 475 1074 548 inde
1096 475 1257 564 flumen,
1290 473 1296 484 ’

196 589 324 658 itinere
353 587 488 682 ingenti
518 609 685 671 emenso,
715 599 875 656 retentus
905 585 1093 660 altitudine
1120 591 1256 677 amnis,

196 699 361 768 mausit7.
385 700 468 787 Quo
488 696 603 793 spatio
621 695 793 793 temporis
809 710 920 794 ponte
937 695 1119 793 perfecto,
1138 699 1256 770 tradu-

196 809 261 878 ctis
274 808 397 903 copiis
418 804 490 876 diei
511 829 720 903 progressus
739 806 819 892 iter,
841 803 988 876 obvium
1001 808 1257 892 Archidamum

195 919 394 1015 principem
421 915 640 1002 AEtolorum,
665 933 859 1012 perquem
881 916 913 985 ei
925 919 1072 987 'Stratus
1089 916 1256 989 tradeba-

196 1023 291 1114 tur⁸,
310 1025 446 1098 habuit.
983 1011 985 1019 ’

242 1141 354 1209 XXII.
372 1141 424 1207 Eo
437 1135 495 1206 die
508 1135 553 1206 ad
567 1133 677 1205 finem
691 1135 765 1232 agri
780 1133 885 1204 AEtoli
898 1149 1012 1206 castra
1026 1137 1151 1232 posita.
1171 1137 1256 1209 Inde

195 1249 306 1319 altero
328 1247 386 1318 die
405 1246 450 1317 ad
471 1250 629 1316 Stratum
647 1259 884 1341 perventum:
909 1243 993 1331 uhi,
1012 1270 1127 1343 prope
1143 1245 1257 1317 Ac'he-

194 1361 295 1431 loum
318 1383 460 1429 amnem
485 1358 608 1427 castris
632 1357 779 1452 positis,
804 1379 918 1451 quum
944 1371 1183 1452 exspectaret,
1203 1355 1256 1426 ef-

194 1468 292 1540 fusos
304 1467 473 1539 omnibus
482 1467 595 1565 portis
608 1465 742 1536 AEtolos
756 1466 793 1534 in
804 1463 914 1536 fidem
928 1476 1050 1536 suam¹
1068 1481 1255 1548 venturos,

194 1581 329 1652 clausas
346 1594 467 1677 portas
486 1592 595 1672 atque
619 1577 696 1674 ipsa
716 1599 757 1645 ea
778 1591 904 1660 nocte,
923 1599 996 1671 qua
1019 1591 1184 1662 venerat,
1204 1602 1256 1647 re·

193 1707 338 1788 ceptum
362 1713 552 1760 romanum
571 1684 774 1784 praesidium
793 1709 876 1756 cum
900 1689 939 1756 C.
964 1685 1115 1783 Popillio
1139 1685 1255 1783 legato

192 1803 340 1871 invenit.
362 1802 565 1897 Principes,
587 1801 649 1894 qui
669 1797 852 1895 praesentis
873 1795 1079 1866 Archidami
1103 1801 1254 1868 auctori-

191 1927 265 1982 tate
280 1911 457 2009 compulsi
474 1933 593 2006 regem
611 1907 862 1986 arcessieram,
878 1903 1020 1975 obviam
1039 1930 1181 2002 egresso
1197 1913 1256 1978 Ar·

192 2020 358 2092 chidamo
373 2021 554 2116 segniores
567 2015 669 2102 facti,
684 2017 804 2086 locum
819 2015 974 2086 adversae
990 2013 1137 2087 factioni
1151 2017 1270 2111 dede·-

153 2199 158 2209 ,
191 2150 273 2204 rant
293 2133 336 2204 ad
359 2132 552 2231 Popillium
578 2155 660 2202 cum
684 2128 780 2198 mille
803 2125 985 2225 peditibus
1005 2127 1050 2199 ah
1066 2127 1254 2200 Ambracia

191 2245 451 2316 arcessendum.
479 2249 520 2314 ln
548 2256 710 2339 tempore
737 2255 773 2309 et
796 2237 1000 2310 Dinarchus
1010 2248 1036 2324 ²,
1064 2237 1253 2336 praefectus

191 2357 353 2453 equiturn
369 2355 485 2452 gentis
499 2353 715 2439 AEtolorum,
733 2374 817 2420 eum
831 2350 1007 2420 sexcentis
1021 2347 1204 2446 peditibus
1219 2367 1254 2421 et

191 2466 373 2564 equitibus
396 2479 543 2536 centum
568 2463 676 2534 venit.
706 2461 796 2531 Satis
826 2457 1030 2545 constabat,
1054 2483 1155 2545 eum,
1180 2474 1254 2530 tan-

190 2601 298 2672 quam
325 2576 369 2646 ad
391 2581 515 2646 Persea
538 2571 747 2644 tendentem
760 2567 786 2657 ³,
815 2573 972 2640 Stratum
996 2571 1155 2657 venisse3
1179 2595 1253 2641 mu·

190 2700 264 2756 tato
286 2684 415 2756 deinde
434 2708 516 2755 cum
536 2681 681 2753 fortuna
702 2681 841 2766 animo,
861 2680 1032 2750 Romanis
1052 2705 1109 2767 se,
1133 2680 1253 2753 adver·

190 2820 249 2867 sus
273 2820 365 2893 quos
388 2807 556 2880 venerat,
580 2792 749 2887 junxisse.
778 2793 853 2859 Nec
878 2789 1051 2885 Popillius
1076 2792 1251 2876 securior,

188 2931 296 3002 quam
319 2903 474 2976 debebat
491 2927 588 2986 esse,
614 2903 709 2970 inter
731 2915 804 2970 tam
828 2897 975 2967 mobilia
996 2897 1145 2994 ingenia
1162 2913 1247 2970 erat.

188 3010 312 3086 Clavcs
328 3030 514 3113 portarum
530 3010 801 3104 custodiamque
820 3029 1006 3076 murorum
1029 3030 1101 3076 suae
1120 3021 1251 3078 extem·
1339 3052 1347 3058 -

188 3127 248 3223 plo
273 3126 459 3250 potcsfatis
484 3121 588 3208 lecit,
608 3118 830 3190 Dinarchum
855 3115 1061 3212 AEtolosque
1090 3140 1173 3186 cum
1194 3118 1249 3212 ju-

188 3393 259 3440 supra
274 3376 305 3423 ad
321 3375 410 3423 librum
419 3376 451 3434 V,
469 3388 525 3439 cap.
542 3371 587 3433 55,
601 3382 654 3419 not.
670 3387 693 3416 a.
739 3367 868 3424 Pedion„
886 3361 1012 3414 Creverius
1026 3377 1050 3413 et
1063 3366 1246 3417 Drakenborch.

223 3456 249 3502 6.
261 3454 305 3500 Ad
325 3455 438 3517 templum
460 3453 540 3509 Iovis,
561 3468 632 3516 quem
651 3449 695 3496 Ni·
775 3449 936 3510 &Perpetem
946 3445 970 3493 ei
979 3447 1073 3494 Stratus
1085 3447 1244 3504 tradebatur,

187 3549 263 3580 etrum
272 3545 378 3590 uocant,
389 3534 489 3585 Ninnitr
502 3565 509 3589 ,
524 3531 658 3590 victorem,
668 3538 695 3574 ut
738 3539 806 3574 aetus
823 3541 869 3588 pro
884 3535 981 3572 conatu.
995 3526 1067 3574 cont.
1085 3542 1138 3590 cap.
1153 3543 1203 3590 seq.
1222 3537 1247 3573 et

187 3613 249 3665 Νίκη
264 3593 358 3674 ditarit,
371 3612 400 3659 de
412 3627 459 3675 qua
471 3610 523 3658 vid.
536 3608 605 3657 Suid.
738 3605 769 3652 ad
782 3605 834 3662 III,
846 3621 875 3650 ar
886 3640 892 3661 ,
904 3620 929 3652 n.
940 3606 965 3652 3.
979 3607 1019 3653 an
1031 3605 1078 3667 leg.
1091 3605 1247 3652 eraderetur?

224 3709 246 3752 7.
277 3693 321 3740 Ad
342 3689 491 3738 Arachthum
505 3687 602 3754 flumen
627 3685 694 3749 Epiri
773 3685 836 3732 Cir.
850 3685 937 3730 XXII.
952 3699 974 3731 r.
989 3686 1016 3729 In
1021 3681 1102 3750 fidem
1110 3667 1179 3730 suam
1190 3699 1247 3731 ven-

186 3771 252 3836 iride
263 3772 295 3819 ad
308 3771 459 3826 XXXVIII,
474 3770 502 3825 3,
516 3784 543 3814 u.
561 3767 602 3830 6),
616 3779 693 3812 reten-
738 3776 804 3811 turos
811 3783 821 3821 ,¹
834 3764 890 3810 vide
899 3763 930 3809 ad
940 3765 1003 3821 v11,
1017 3763 1060 3820 18,
1070 3779 1095 3810 n.
1109 3778 1130 3808 t.

186 3863 223 3898 ens
240 3835 369 3898 altitudine
386 3845 591 3908 amnis,mnnsit‚
606 3861 694 3908 perno-
775 3861 798 3892 2.
815 3847 846 3890 In
868 3855 974 3905 tempore
993 3853 1017 3890 et
1033 3823 1185 3898 Dinarchus,
1198 3852 1246 3890 etc.

185 3932 272 3987 ctavit,
287 3929 327 3978 vel
345 3928 427 3992 potius
443 3926 522 3982 dieta,
541 3923 638 3970 biduum
655 3924 693 3970 vel
739 3925 795 3972 vide
804 3923 835 3970 ad
848 3924 886 3978 11,
898 3929 940 3980 47,
950 3937 975 3969 n.
986 3930 1010 3976 a.

184 4008 262 4056 simile
272 4007 332 4072 quid
341 4006 433 4055 excidit
442 4016 497 4054 ante
508 4003 608 4058 mansit,
622 4003 692 4066 quod
773 4003 795 4051 3.
813 4005 939 4066 Tanquam
950 4002 986 4049 ud
995 4005 1082 4048 Persea
1093 4002 1245 4058 tendentem

185 4099 237 4134 tum
247 4099 294 4136 est:
304 4086 421 4144 substitit,
430 4095 456 4132 ut
469 4080 543 4148 paulo
558 4093 628 4140 autr3
639 4084 691 4132 Jac.
735 4083 792 4130 vide
804 4082 835 4129 ad
849 4083 893 4140 tv,
910 4099 955 4144 19,
968 4099 990 4128 n.
1011 4097 1030 4128 r.

1060 4192 1116 4235 ΙΙ.
