2982 4702
205 357 332 460 illiti?
422 374 517 442 mn.
543 370 825 441 xnrncnr.
853 370 896 436 x.
922 369 986 437 xl.
1181 373 1243 456 ιω

180 513 324 570 tantum
342 507 475 566 statuta
492 489 716 591 profectusa
733 489 940 587 Lychnido,
960 488 1154 562 duodecim
1172 493 1250 582 mil-

180 609 227 680 lia
242 607 288 679 ab
303 605 413 691 urhe,
433 602 479 675 ad
496 625 606 700 quam
624 598 819 710 tendebpt,
836 600 958 697 posuit
972 615 1097 672 castra.
1113 604 1251 691 Quarta

180 719 267 790 iude
293 715 414 815 vigilia
441 714 543 812 signa
569 699 700 800 morit,
723 709 824 782 mille
845 707 958 782 ferme
980 709 1027 781 ad
1046 709 1252 808 praesidium

182 841 384 900 castrorum
401 825 544 896 relictis.
561 822 817 920 incompositi,
837 820 948 919 lungo
966 824 1108 918 agmine
1128 820 1251 911 effusi,

183 937 455 1035 infrequentes,
478 958 592 1032 quum
616 946 819 1004 nocturnus
848 955 949 1002 error
975 931 1184 1030 dissiparet,
1207 931 1254 1004 ad

183 1049 313 1122 urbem
345 1060 602 1146 pervenerunt.
635 1043 757 1115 Crevit
789 1042 1031 1140 negligentia,
1059 1056 1253 1140 postquam

184 1161 368 1232 neminem
385 1171 563 1228 armatum
578 1156 620 1225 in
640 1155 755 1226 muris
772 1152 952 1224 viderunt.
973 1159 1171 1242 Caeterum,
1189 1152 1254 1224 ubi

184 1270 344 1368 primum
366 1265 436 1338 sub
455 1265 555 1361 jactu
574 1263 638 1336 teli
656 1261 805 1335 fuerunt
814 1265 842 1350 ⁴,
859 1261 1001 1334 duabus
1018 1263 1125 1334 simul
1140 1265 1255 1362 portis

185 1379 402 1476 erumpitur,
418 1391 455 1448 et
472 1375 517 1448 ad
535 1375 730 1446 clamorem
746 1371 1015 1472 erumpentium
1030 1375 1158 1472 ingens
1172 1390 1257 1446 stre·

185 1491 284 1589 pitus
307 1513 327 1560 e
348 1488 461 1558 muris
483 1500 585 1556 ortus
609 1483 831 1556 ululantium
852 1482 1047 1554 mulierum
1072 1507 1156 1554 eum
1178 1509 1255 1555 cre·

186 1599 267 1696 pitu
291 1595 455 1694 undique
482 1596 590 1684 aeris3-
609 1609 645 1664 et
674 1593 861 1664 incondita
885 1592 1083 1664 multitudo
1095 1589 1122 1681 ⁵,
1149 1593 1258 1665 turba
1341 1618 1347 1637 .

187 1709 349 1778 immixta
373 1705 514 1793 servili,
538 1703 818 1776 variisvocibus
841 1703 1071 1801 personabat.
1093 1707 1159 1777 Hic
1184 1721 1256 1777 tam

188 1817 378 1916 multiplex
397 1814 562 1912 undique
582 1813 748 1911 objectus
771 1830 889 1886 terror
913 1813 1053 1902 effecit,
1080 1841 1127 1886 ne
1149 1819 1258 1888 susti-

189 1955 275 2002 nere
294 1930 446 2028 primam
463 1926 661 2026 procellam
679 1927 880 2026 eruptionis
901 1923 1081 1997 Romani6
1096 1943 1256 2026 possent.

189 2045 316 2138 Itaque
333 2038 513 2138 fugientes
528 2037 672 2137 plures,
687 2063 796 2135 quam
813 2053 1032 2136 pugnantes,
1049 2040 1259 2138 interempti

190 2165 274 2222 sunt
290 2179 298 2222 :
316 2153 376 2232 vix
393 2149 467 2220 duo
484 2149 596 2220 millia
613 2149 805 2219 hominum
822 2174 903 2221 cum
920 2151 999 2249 ipso
1018 2150 1137 2248 legato
1152 2152 1191 2222 iu
1208 2174 1261 2222 ca·

191 2276 263 2333 stra
279 2258 530 2359 perfugerant.
552 2261 637 2349 Quo
660 2257 801 2356 longius
821 2260 892 2330 iter
910 2259 950 2329 in
970 2273 1084 2331 castra
1103 2275 1196 2344 erat,
1215 2285 1260 2331 eo

193 2371 314 2469 plures
328 2368 443 2441 Iessos
458 2369 692 2442 consectandi
708 2368 875 2440 hostibus
895 2370 999 2468 copia
1015 2368 1094 2440 fuit.
1111 2372 1165 2442 Ne
1180 2395 1261 2441 mo·

192 2495 292 2553 ratus
305 2480 453 2578 quidem
467 2482 504 2551 in
520 2481 643 2552 castris
656 2482 809 2580 Appius,
823 2497 865 2552 ut
879 2504 963 2552 suos
974 2478 1164 2578 dissipatos
1176 2479 1261 2580 fuga

193 2590 378 2690 colligeret
397 2591 500 2688 (quae
523 2615 581 2662 res
607 2591 733 2690 palatis
753 2615 820 2689 per
839 2616 945 2690 agros
966 2591 1072 2662 saluti
1093 2590 1275 2689 fuisset),

194 2701 239 2772 ad
254 2700 482 2799 Lychnidum
499 2714 676 2798 protenus
691 2700 862 2800 reliquias
877 2702 987 2774 cladis
1001 2702 1157 2776 reduxit.

241 2817 303 2882 XI.
324 2817 407 2884 Ilaec
430 2824 466 2882 et
487 2812 576 2900 alia,
593 2811 693 2884 haud
716 2838 891 2913 prospere
915 2816 954 2885 in
975 2805 1188 2886 Macedoriia
1206 2841 1264 2914 ge·

196 2937 272 3011 sta,
299 2948 344 2995 ex
371 2927 450 2994 Sex.
479 2923 614 3019 Digitio
639 2923 789 2996 tribuno
816 2924 993 3010 militum,
1016 2925 1081 3021 qui
1101 2923 1264 2997 sacrificii

196 3056 303 3104 causa
318 3038 472 3104 Romam
487 3046 636 3104 venerat
647 3044 674 3123 ¹,
691 3049 778 3106 sunt
792 3034 924 3106 audita.
940 3039 1093 3132 Propter
1108 3059 1190 3133 quae
1209 3061 1265 3107 ve-

197 3252 299 3316 xxm,
311 3267 359 3314 19,
370 3268 396 3300 n.
411 3266 451 3299 ro.
461 3277 496 3288 -
506 3249 641 3298 Duodecim
653 3250 707 3300 mil·
755 3252 805 3300 alii.
818 3279 853 3288 -
865 3257 945 3304 Βελῶν
964 3251 1009 3314 ἔξω
1023 3251 1087 3302 dixit
1101 3253 1219 3318 Xenoph.
1238 3255 1266 3302 in

198 3330 233 3378 lia
240 3349 251 3388 ,·
268 3331 324 3379 vide
336 3331 368 3379 ad
381 3332 432 3391 IX,
443 3338 493 3392 nt,
504 3347 530 3379 n.
542 3345 567 3380 a.
576 3329 708 3378 —Tendc·
755 3331 887 3396 Cyropaed.
904 3334 957 3392 III,
976 3333 1024 3393 853
1036 3332 1105 3393 laroc
1119 3333 1202 3398 delicuc
1221 3335 1267 3383 Po-

199 3409 322 3469 bam-vide
334 3409 367 3457 ad
378 3411 424 3468 tv,
438 3425 480 3473 19,
493 3425 521 3458 u.
536 3423 559 3456 1.
754 3411 808 3478 lyb.
819 3413 852 3469 V,
867 3411 906 3459 13.
921 3412 1006 3460 Solent
1019 3423 1100 3461 autem
1116 3413 1177 3462 ictus
1192 3426 1216 3463 et
1227 3413 1266 3479 ja·

235 3489 317 3554 4.¹Sub
336 3489 409 3556 jactu
432 3488 476 3538 teli
491 3487 609 3554 filerunt,
627 3487 711 3536 malim
755 3503 806 3540 ctus
818 3491 949 3551 conlundi,
961 3502 1022 3540 teste
1034 3492 1109 3540 Drah.
1122 3492 1154 3542 ad
1166 3496 1266 3552 XXVI,

199 3571 243 3617 sul
254 3569 321 3626 ictu,·
331 3568 408 3618 Druk.
421 3572 459 3617 Ita
469 3569 514 3617 sub
527 3567 576 3616 ictu
588 3567 631 3615 teli
643 3584 708 3627 esse,
756 3578 802 3631 40,
813 3571 829 3637 5
843 3586 883 3618 10.
894 3573 940 3620 En.

200 3649 243 3696 snb
253 3649 327 3696 ictum
335 3649 420 3698 venire
430 3650 494 3697 forte
505 3660 531 3697 et
541 3648 578 3696 ad
585 3647 659 3696 ictum
667 3663 711 3696 oc·
792 3649 817 3699 5.
830 3651 865 3697 Et
874 3648 1001 3697 incondita
1010 3649 1157 3707 mrtltitudo;
1168 3650 1224 3698 vide
1236 3649 1267 3696 ad

167 3781 171 3792 Ι
200 3726 253 3775 nire
270 3727 332 3793 (vid.
345 3730 444 3787 XXVI,
464 3736 511 3786 40,
527 3743 553 3774 n.
571 3727 610 3793 5),
625 3739 650 3776 et
663 3742 713 3776 esse
757 3729 891 3790 xx1,57,
904 3745 929 3776 n.
943 3744 984 3777 rr.

202 3817 274 3853 cntra
293 3806 368 3854 ictum
381 3808 498 3864 XXVII,
517 3808 564 3866 183
583 3809 712 3866 XXVIII,
793 3809 818 3857 6.
830 3809 870 3855 Ne
884 3806 1001 3855 sustinere
1011 3807 1120 3873 primam
1132 3809 1269 3872 procellam

203 3885 250 3942 303
260 3887 384 3945 XXXIV,
394 3887 427 3934 28
436 3901 445 3948 ;
454 3887 583 3933 XXXVII
592 3919 599 3944 ,
608 3901 651 3944 ²7·
665 3885 713 3934 Sed
757 3886 897 3952 eruptionis·
906 3886 1012 3934 Romani
1023 3897 1125 3951 possent
1131 3904 1141 3943 ,·
1163 3888 1220 3937 vide
1237 3890 1270 3938 ad

203 3973 228 4010 et
234 3962 384 4012 odvelintra
394 3965 437 4013 teli
438 3965 536 4030 jactum
542 3965 634 4022 venire,
642 3976 666 4012 et
673 3980 714 4012 ex·
757 3969 872 4026 XXXII,
887 3967 931 4023 13,
946 3982 972 4013 n.
984 3967 1009 4014 3.

205 4053 245 4090 tra
258 4041 300 4091 teli
306 4043 404 4108 jactum
418 4060 468 4092 esse
479 4044 562 4092 dixere
575 4047 644 4108 Curt.
659 4046 714 4103 111,
794 4046 858 4095 Car.
867 4048 914 4093 XI.
929 4060 953 4093 1.
961 4043 1083 4114 Sacrt'ficii
1090 4061 1166 4095 causa
1182 4050 1210 4097 Il.
1227 4065 1271 4096 ve·

209 4136 255 4180 ro,
269 4124 715 4188 11;1v‚3;virg.ffln.xl,6ot,et
759 4136 848 4182 ueram
866 4124 923 4174 vide
940 4121 973 4171 ad
988 4125 1033 4183 IV,
1054 4140 1082 4183 a,
1104 4141 1128 4174 n.
1148 4128 1271 4177 6.-Nc
