2984 4706
259 357 327 448 274
555 407 556 410 κ
686 353 875 418 T-uvu
1172 330 1286 435 titzttt

257 472 301 544 ad
332 472 568 542 ministerium
593 470 696 541 electi
721 471 824 566 regis.
852 473 901 538 Ea
926 467 1076 550 cohors,
1097 484 1317 564 persequuta

257 605 378 677 regem
395 579 613 676 fugientem,
632 604 678 650 ne
694 594 772 649 tum
786 567 939 675 quidem¹
950 575 1181 662 abscedebat,
1197 576 1316 648 donec

255 692 357 785 jussu
382 694 447 760 Cn.
473 690 608 760 Octavii
631 689 905 784 pronuntiatum
928 700 982 758 est
997 709 1067 782 per
1089 710 1314 782 praeconem,

257 805 385 896 Regios
395 823 533 896 pueros
552 798 845 893 Macedonasque
864 794 974 880 alios,
992 799 1058 890 qui
1070 795 1316 866 Samothracae

257 925 389 994 essent,
411 915 445 978 si
464 914 654 978 transirent
674 907 727 976 aal
747 912 949 988 Romanos,
973 901 1250 974 incolumitatem
1271 902 1315 973 li·

251 1019 500 1114 vbertatemque
514 1034 550 1088 et
560 1042 627 1088 sua
641 1022 764 1086 omnia
781 1030 998 1098 servaturos,
1019 1036 1103 1108 quae
1117 1028 1183 1083 aut
1194 1036 1314 1082 secum

257 1127 452 1213 haberent,
481 1141 547 1195 aut
573 1132 610 1194 in
636 1125 854 1196 Macedonia
882 1122 1114 1218 rela'quissent.
1142 1119 1196 1192 Ad
1222 1120 1316 1192 hauc

257 1260 382 1305 vocem
398 1235 559 1306 transitio
574 1234 737 1304 omnium
755 1231 847 1304 faeta
861 1248 932 1318 est,
948 1232 1167 1326 nominaque
1181 1229 1316 1300 dabant

257 1342 302 1413 ad
320 1347 359 1414 C.
380 1337 630 1414 Postumium⁵
653 1340 841 1412 tribunum
862 1341 1026 1410 militum.
1051 1339 1199 1410 Liberos
1222 1365 1316 1436 quo-

258 1477 330 1549 que
349 1477 477 1551 parvos
495 1447 637 1550 regios6
655 1455 721 1522 Ion
737 1449 1060 1522 Thessalonicensis
1077 1449 1226 1520 Octavio
1243 1463 1315 1519 tra-

257 1562 370 1650 didit;
397 1586 465 1634 nec
488 1563 701 1657 quisquam,
726 1575 854 1657 praeter
875 1558 1097 1654 Philippum,
1119 1559 1315 1628 maximum
1357 1551 1362 1560 ’

257 1685 346 1742 natu
364 1697 383 1741 e
401 1669 506 1758 filiis,
529 1693 612 1741 cum
634 1695 719 1766 rege
743 1670 899 1740 relictus.
921 1672 1011 1738 Tum
1031 1691 1106 1738 sese
1127 1665 1315 1762 filiumque

260 1783 408 1850 Octavio
425 1777 589 1866 tradidit,
608 1777 789 1849 fortunam
805 1778 984 1873 deosque,
1004 1801 1158 1872 quorum
1174 1777 1213 1846 in
1229 1792 1315 1847 tem-

258 1889 320 1984 plo
343 1902 465 1975 erant,
489 1887 587 1958 nulla
612 1911 682 1984 ope
707 1887 906 1984 supplicem
925 1887 1110 1981 juvantes,
1133 1909 1313 1958 accusans.

257 2003 300 2067 In
319 1999 521 2094 praetoriam
543 2022 671 2067 navem
688 1997 827 2093 imponi
842 1997 983 2090 jussus:
1004 1993 1132 2064 eodem
1150 2009 1187 2065 et
1206 2021 1315 2092 pecu-

258 2108 337 2192 nia,
363 2131 443 2202 quae
465 2105 662 2203 superfuit,
686 2105 802 2176 delata
828 2120 900 2193 est3
921 2102 1175 2199 extemploque
1199 2104 1316 2174 classis

261 2215 501 2312 Amphipolim
515 2216 654 2312 repetit.
669 2213 758 2284 Inde
774 2215 940 2286 Octavius
953 2236 1074 2309 regem
1091 2214 1128 2296 in
1144 2227 1256 2284 castra
1272 2213 1316 2283 ad

259 2323 447 2394 consulem
465 2324 575 2406 misit,
592 2324 782 2420 praemissis
796 2322 923 2410 literis,
938 2323 1029 2392 utin
1044 2335 1220 2418 potestate
1234 2347 1315 2392 eum

230 2463 233 2468 ·
260 2456 335 2506 esse
354 2446 389 2502 et
408 2430 538 2501 adduci
555 2433 670 2501 sciret.

308 2545 385 2612 VII.
413 2540 612 2610 Secundam
633 2564 710 2611 eam
726 2540 887 2626 Paullus,
908 2540 998 2609 sicut
1021 2551 1115 2624 erat,
1133 2540 1315 2608 victoriam

260 2665 379 2738 ratus,
398 2651 557 2720 victimas
576 2650 703 2722 cecidit
722 2674 765 2720 eo
786 2651 950 2737 nuntio¹,
969 2662 1017 2731 et,
1041 2649 1190 2719 consilio
1208 2648 1315 2719 advo-

262 2761 361 2848 cato,
381 2761 499 2831 literas
518 2760 681 2857 praetoris
699 2783 813 2856 quum
827 2760 1027 2840 recitasset,
1043 2760 1087 2847 Q.
1104 2759 1232 2828 AElium
1246 2763 1317 2828 Tu-

171 2895 174 2906 ·
224 2933 227 2942 ,
261 2871 434 2940 beronem
454 2869 596 2940 obviam
615 2871 691 2966 regi
709 2870 825 2958 misit3
844 2883 988 2940 caeteros
1007 2891 1151 2937 manere
1169 2869 1207 2936 in
1227 2892 1316 2964 prae·

262 2981 356 3050 torio
377 2977 584 3076 frequentes
600 2980 714 3074 jussit.
734 2983 817 3050 Non
837 2978 921 3047 alias
939 2977 983 3047 ad
1000 2977 1115 3046 ullum
1136 2990 1317 3073 spectacu-

261 3092 337 3160 lum
360 3105 467 3160 tanta.
480 3089 676 3160 multitudo
700 3089 867 3160 occurrit.
888 3092 1030 3157 Patrum
1054 3101 1156 3156 aetate
1177 3086 1318 3182 Syphax

265 3286 355 3340 qanta,
368 3286 488 3338 sequuta,
500 3273 771 3338 velproscquntauid.
815 3269 903 3334 Saltem
919 3282 975 3318 erat
988 3271 1022 3317 oh
1039 3286 1091 3333 seq.
1113 3270 1259 3333 supplicam,
1277 3269 1319 3316 sed

265 3354 341 3401 Drak.
364 3353 395 3400 ad
409 3355 443 3412 V,
466 3361 513 3412 to,
535 3353 595 3416 st.
625 3356 772 3416 Prosequuta
816 3361 840 3398 et
853 3367 877 3413 q.
889 3349 1002 3413 temptum
1015 3360 1085 3396 erat:
1099 3365 1155 3395 nam
1171 3351 1271 3396 Persem
1289 3363 1318 3394 eo

268 3431 345 3480 edidit
359 3433 452 3490 Gron.,
475 3432 541 3478 nulla
552 3442 649 3479 mutate
661 3431 773 3479 lectionis
816 3440 926 3491 tempore
951 3442 1003 3474 uon
1024 3437 1073 3474 erat
1098 3427 1254 3490 intemplo,
1278 3425 1318 3472 ced

272 3512 366 3558 retIone
377 3512 404 3557 In
416 3512 481 3558 notis
493 3509 596 3558 reddita.
817 3523 872 3554 eum
885 3505 909 3552 in
930 3506 1005 3552 latere
1023 3505 1105 3568 templi
1117 3521 1196 3569 prope
1206 3505 1319 3568 angulum

304 3591 328 3638 5.
339 3589 495 3652 Nominaque
504 3587 597 3635 dabam
606 3587 642 3634 ad
650 3587 676 3634 C.
688 3589 774 3633 Postu·
818 3584 942 3642 obscurum
957 3582 1090 3639 delituisse,
1105 3583 1186 3630 Livius
1199 3582 1273 3629 modo
1284 3597 1319 3628 re·

271 3670 360 3725 mium
373 3667 500 3724 videaur,
515 3669 634 3724 11,n.3.
817 3664 889 3724 tulit;
909 3662 1031 3710 Drakenb.
1052 3663 1189 3730 Διαφεὺγων
1207 3659 1246 3711 ἐπὶ
1265 3659 1318 3718 τοὺς

300 3747 435 3796 διίἰῦενοε
456 3761 552 3810 quoque
567 3760 658 3808 parvos
676 3742 770 3806 regios,
818 3742 971 3811 Διοσκούρους
979 3741 1082 3791 ἱκέτευεν
1090 3739 1319 3788 PlutarchiuAEmi-

266 3839 313 3875 etc.
323 3826 418 3873 vidend
428 3827 512 3882 XLII,
522 3825 602 3881 ὄψι.
615 3825 638 3871 3.
651 3847 686 3858 --
697 3821 773 3866 Deos·
816 3822 863 3879 llo,
872 3839 898 3885 p.
910 3823 969 3881 267.

266 3921 324 3966 que,
341 3921 442 3966 quorum
460 3903 486 3949 in
499 3902 588 3965 templo
600 3911 688 3948 erant:
704 3900 731 3950 τὸ
747 3899 771 3946 in
850 3901 909 3948 Car.
927 3901 982 3947 vn.
1003 3915 1024 3946 1.
1046 3897 1161 3945 Viatimas
1184 3895 1272 3943 cecidit
1292 3911 1319 3941 eo

266 3983 333 4028 abest
355 3982 385 4028 ab
407 3980 463 4028 edd.
479 3991 538 4028 vett.
559 3990 615 4026 ante
628 3981 728 4026 Vascos.
748 3988 772 4024 et
816 3978 918 4033 nuntio,
934 3977 976 4038 ob,
989 3977 1040 4024 slve
1054 3976 1085 4024 ad
1098 3991 1153 4022 cum
1166 3975 1319 4022 nuntium.-

266 4061 313 4122 leg.
331 4075 432 4122 quorum
450 4058 562 4120 templum
575 4067 645 4113 επακ
663 4060 771 4104 Gronov.
819 4055 922 4104 Consilio
932 4054 1068 4109 aduncam
1081 4053 1130 4101 vid.
1139 4055 1217 4110 VIII,
1228 4054 1253 4110 ὃς
1262 4069 1287 4098 n.
1296 4053 1318 4099 6,
