2984 4706
199 363 324 472 stu:
391 385 544 452 sinan
575 385 710 452 xnsv.
737 383 839 452 aar.
865 383 1021 451 xxxv.
1167 377 1235 452 235

174 533 250 604 quo
272 531 426 604 quaeque
451 505 648 583 accuratius
670 477 879 591 durantur&
896 527 940 574 co
958 502 1095 575 facilius
1113 504 1236 599 loqua-

174 620 280 689 citate
295 619 477 713 regiorum
492 617 737 686 ministrorum
757 631 932 685 emanant.
948 613 1024 685 Sub
1040 615 1137 685 idem
1150 613 1238 686 tem·

174 741 244 826 pu‘s
264 727 395 799 Rhodii
418 727 524 822 legati
549 727 587 795 in
609 741 722 797 castra
743 740 923 797 venerunt
941 749 1023 795 cum
1045 724 1171 796 iisdem
1192 724 1237 796 de

175 865 264 938 pace
289 836 487 944 mapdatis,
514 861 593 932 quae
620 841 741 906 Romae
768 838 950 932 ingentem
976 836 1064 906 iram
1092 840 1237 906 Patrum

176 952 385 1021 excitavere.
405 947 521 1018 Multo
535 945 778 1043 iniquioribus
793 947 919 1016 animis
935 970 956 1016 a
970 947 1140 1016 castrensi
1153 968 1238 1016 con·

176 1057 281 1132 silio³
306 1058 418 1130 auditi
442 1073 537 1129 sunt.
564 1061 691 1154 Itaque
716 1081 832 1154 quum
857 1057 916 1128 alii
942 1056 1140 1154 praecipites
1162 1057 1238 1127 sine

176 1193 352 1268 responso
367 1170 382 1201 ⁴¹
406 1167 565 1266 agendos
591 1169 734 1256 castris,
756 1167 1023 1267 pronuntiavit,
1041 1181 1124 1264 post
1143 1166 1238 1238 diem

178 1277 527 1375 quintumdecimum
551 1301 588 1348 se
621 1301 834 1376 responsum
857 1278 1037 1348 daturum.
1071 1279 1218 1348 Interim
1231 1281 1248 1364 ‚'

178 1405 220 1461 ut
235 1403 444 1487 appareret,
462 1402 638 1485 quantum
657 1386 922 1485 pacificantium
939 1387 1164 1460 Rhodiorum
1182 1413 1242 1458 au-

179 1502 326 1572 ctoritas
345 1499 529 1586 valuisset,
549 1497 752 1570 consultare
771 1498 817 1570 de
835 1497 974 1570 ratione'
989 1498 1075 1569 belli
1094 1496 1243 1595 gerendi

179 1612 300 1708 coepit.
338 1607 503 1680 Placebat
539 1607 756 1704 quibusdam
792 1622 828 1679 et
860 1610 1013 1698 maxime
1048 1604 1244 1702 majoribus

180 1722 305 1805 natul,
325 1743 390 1817 per
409 1715 536 1817 E'nipei
559 1719 673 1816 ripam
693 1720 984 1815 munitionesque
1007 1719 1080 1788 vim
1105 1716 1243 1798 facere,

180 1831 346 1920 constrrtr's
369 1845 405 1899 et
423 1834 498 1900 vim
507 1827 731 1918 facientibus
751 1835 909 1900 resistere
927 1829 1150 1899 Macedonas
1171 1851 1244 1897 non

176 1965 308 2039 posse:
327 1965 375 2010 ex
395 1955 448 2011 tot
467 1938 619 2010 castellis
641 1939 828 2037 aliquanto
847 1939 1036 2034 altioribus
1057 1965 1102 2010 nc
1126 1944 1245 2010 muni-

181 2050 344 2137 tioribus,
358 2075 440 2148 quae
451 2049 585 2120 validis
585 2050 769 2146 praesidiis
781 2049 1005 2135 insedissent,
1014 2054 1137 2146 priore
1147 2071 1245 2120 anno

182 2163 344 2256 dqectos.
361 2160 445 2232 Aliis
460 2159 644 2257 placebat,
660 2161 849 2231 Octavium
865 2185 946 2232 cum
968 2159 1078 2231 classe
1094 2160 1246 2230 Thessa-

171 2273 337 2344 'lonicam
354 2285 498 2370 petere,
516 2285 551 2341 et
567 2271 802 2369 populatione
819 2273 1003 2343 maritimae
1017 2295 1088 2341 orae
1102 2269 1246 2342 distrin-

184 2407 269 2482 gere
287 2385 407 2480 copias
425 2382 558 2478 regias,
576 2395 637 2468 ut,
657 2381 770 2453 altero
788 2381 833 2454 ab
852 2398 955 2479 tergo
975 2407 1013 2453 se
1033 2380 1247 2452 ostendente
1285 2457 1289 2478 ,

183 2492 300 2578 bello,
320 2493 557 2563 circumactus
572 2489 618 2561 ad
636 2493 846 2564 interiorem
864 2508 1002 2590 partem
1020 2495 1120 2589 regni
1139 2507 1246 2562 tuen·

183 2603 288 2692 dam,
307 2602 443 2674 nudare
461 2603 579 2699 aliqua
598 2616 699 2699 parte
714 2604 883 2674 transitus
901 2605 1027 2701 Enipei
1046 2616 1245 2698 cogeretur.

184 2715 256 2812 Ipsi
270 2727 398 2784 natura
412 2707 447 2784 et
461 2711 633 2810 operibus
646 2713 943 2811 inexsuperabilis
956 2717 1035 2812 ripa
1047 2711 1248 2797 videbatur,

186 2840 239 2911 et,
258 2839 496 2922 praeterquam
519 2821 619 2918 quod
645 2830 826 2894 tormenta
844 2823 981 2920 ubique
1002 2822 1175 2920 disposita
1194 2844 1249 2891 es·

187 3010 268 3058 eram,
284 3016 374 3063 eosque
383 2997 530 3046 edocuerant
539 3034 545 3058 ,
554 2998 613 3061 quid
627 2999 654 3044 iu
664 2998 695 3045 Il·
740 3009 828 3062 putat,
847 3011 872 3047 et
891 3001 991 3064 insuper
1008 2998 1098 3063 accipit
1109 2996 1247 3062 praecipites

187 3080 266 3144 lyrico
280 3089 373 3143 gestum
385 3089 457 3125 esset.
469 3079 514 3125 En.
740 3079 883 3126 nominandi
898 3097 956 3128 casu
973 3096 1024 3128 non
1042 3080 1072 3127 de
1084 3078 1168 3142 legatis
1181 3076 1249 3123 Rho·

224 3175 248 3206 α.
263 3159 316 3226 Quo
334 3173 438 3222 qunque
452 3155 591 3204 accuratius
611 3171 697 3202 curan-
741 3158 906 3220 diorum,sed
917 3160 947 3208 de
961 3158 1066 3208 romanis
1079 3157 1193 3204 ducibus.
1203 3159 1250 3204 En.

190 3251 237 3295 tur,
248 3238 316 3286 lorte
334 3237 461 3292 celanturs
476 3237 587 3286 Gronov.
605 3234 696 3300 probb.

190 3319 261 3367 Crev.
270 3329 294 3365 et
303 3317 395 3366 Duker.
406 3317 449 3392 qui
464 3316 490 3364 id
501 3313 628 3363 confirmat
637 3315 698 3363 locis

191 3397 403 3457 Liv.v111,3,et
416 3397 523 3453 XXIX,
537 3403 579 3450 at.

227 3477 251 3521 3.
270 3477 292 3521 A
314 3475 432 3523 castrensi
451 3473 572 3532 consilio,·
590 3472 647 3522 vide
668 3472 699 3519 ad

191 3553 307 3611 V111,6,
321 3571 347 3601 n.
362 3556 388 3601 6.
397 3555 460 3601 Mox
471 3565 529 3618 post
538 3551 649 3617 responsis
663 3551 700 3599 ri-

192 3632 265 3680 detur
278 3631 360 3678 deesse
377 3643 500 3679 censerent
510 3644 552 3680 aut
563 3631 700 3693 intelligen-

192 3712 267 3768 dum,
285 3710 331 3756 nisi
346 3711 393 3773 leg.
408 3722 507 3774 agerent
525 3710 624 3766 castris,
640 3710 664 3756 h.
678 3726 701 3756 e.

192 3786 300 3852 agendos
317 3799 443 3834 censerent
454 3787 464 3851 <
474 3787 528 3835 vide
546 3787 577 3835 ad
591 3790 639 3848 111,
653 3803 699 3846 as,

194 3883 220 3922 n.
233 3863 274 3929 3);
284 3867 394 3912 Gronov.
408 3866 459 3912 Alii
469 3867 495 3913 h.
507 3867 523 3914 l.
535 3877 592 3914 sunt
605 3882 702 3927 ornnes,

193 3961 257 4008 quos
271 3944 368 3991 Paullus
378 3944 403 3989 in
417 3944 546 3992 consilium
558 3944 700 4002 advocas-at,

195 4028 272 4089 iisque
283 4027 416 4090 opponitur
430 4026 481 4090 ipse
491 4027 589 4074 Paullus
598 4037 621 4073 et
635 4025 702 4092 quod

196 4105 217 4164 ei
229 4105 332 4168 placuit,
352 4103 425 4154 Drak-
444 4133 478 4141 -
497 4106 625 4166 Doujatius
645 4123 702 4153 curn

196 4184 273 4236 Gron.
282 4195 405 4255 censerent
414 4196 455 4233 aut
462 4177 564 4250 ‘agerent
576 4184 704 4248 legendnm

777 3237 801 3285 4.
826 3232 860 3277 Et
881 3231 989 3279 maxime
1014 3229 1147 3296 majoribus
1171 3239 1248 3282 natu,

743 3311 806 3358 forte
819 3309 969 3358 minoribus:
987 3326 1043 3358 nam
1058 3307 1175 3358 fervidum
1189 3306 1252 3354 illud

743 3388 872 3436 consilium
882 3390 958 3453 magis
967 3390 1030 3454 sapit
1036 3387 1169 3450 juvenilem
1180 3387 1252 3434 ardo·

743 3484 808 3528 reus,
817 3484 889 3532 quam
896 3469 994 3516 senilem
1002 3467 1170 3532 prudentiam
1181 3467 1252 3516 Crev.

744 3575 778 3584 -
796 3547 895 3612 vulgat.
914 3549 1023 3602 defendit
1043 3547 1158 3609 DoerIng.
1181 3561 1252 3600 nam,

745 3628 865 3690 qnis,elt‚
875 3628 1002 3676 consilium
1010 3629 1045 3676 rei
1056 3625 1253 3674 convenientissi-

739 3723 827 3774 mum,
839 3707 940 3772 deroget
950 3706 1150 3772 prudentioribus
1160 3739 1166 3762 ,
1178 3715 1202 3752 et
1211 3721 1254 3752 ex·

745 3786 861 3851 perientia
876 3775 969 3835 edoctis
983 3787 1041 3850 quid
1055 3788 1081 3834 in
1095 3797 1203 3849 tempore
1217 3785 1252 3832 ia·

747 3865 859 3912 ciendum
868 3867 900 3912 sit
910 3869 921 3913 Ρ
933 3869 977 3916 En.
984 3869 1067 3912 -Per
1077 3865 1165 3928 Enipei
1175 3865 1254 3928 ripam

748 3961 779 3992 m.
794 3945 844 3992 uim
856 3945 961 4010 fascem
978 3947 1034 3994 vide
1049 3947 1080 3994 ad
1095 3947 1209 4003 11111111,
1223 3962 1253 4007 9,

747 4039 770 4069 n.
791 4032 815 4079 4.
841 4043 874 4060 ⁴-
892 4013 1040 4092 Dr'stringere
1059 4025 1142 4089 copias
1159 4025 1254 4089 reglau

748 4102 804 4150 vide
824 4121 896 4180 supra
914 4105 945 4153 ad
965 4106 1053 4166 librum
1074 4106 1182 4164 XXXV,
1202 4121 1256 4178 cap,

752 4185 901 4258 181,nor.5.
