2982 4702
181 361 306 463 33:331:
402 380 552 448 mum
584 379 704 447 xnu.
733 379 838 448 car.
863 379 976 446 axv.
1150 378 1216 448 ην

154 501 238 572 dam
256 497 531 596 ducendamque
548 500 587 568 in
604 513 718 570 castra
732 499 902 570 trecentis
918 499 1142 570 Cretensium
1157 499 1217 572 de·

155 615 220 685 dit.
240 616 339 711 Ipse,
356 625 524 684 revocato
544 611 590 682 ab
614 608 728 682 effusa
753 608 845 680 caede
870 610 991 706 equite
1010 624 1046 682 et
1069 609 1218 708 reliquis

65 767 67 772 .
154 723 337 823 peditum,
357 722 458 792 ducit
474 721 520 792 ad
536 721 743 818 proximum
761 719 985 817 praesidium,
1004 733 1102 792 ratus
1121 721 1219 792 haud

154 857 287 930 magno
306 832 500 904 certamine
519 830 678 928 opprimi
698 853 815 928 posse.
836 833 878 899 L.¹
892 831 1084 927 Pompeius
1101 830 1217 904 tribu·

155 968 225 1014 nus
238 942 394 1012 militum
410 955 579 1039 praecrat,
601 941 665 1036 qui
683 939 866 1037 perculsos
880 939 1010 1009 milites
1025 943 1218 1037 repentino

155 1052 313 1124 hostium
337 1051 494 1122 adventu
523 1052 561 1120 in
583 1051 830 1148 propinquum
857 1049 1038 1119 tumulum
1060 1054 1218 1149 recepit,

155 1163 226 1234 loci
245 1188 282 1234 se
300 1161 488 1260 praesidio,
510 1162 595 1258 quia
612 1184 765 1231 numero
783 1175 820 1231 et
837 1157 975 1229 viribus
993 1160 1109 1257 impar
1125 1177 1220 1250 crat,

155 1268 379 1342 defensurus.
399 1270 456 1340 Ibi
473 1295 587 1367 quum
602 1271 640 1340 in
658 1267 787 1340 orbem
803 1268 934 1340 milites
951 1271 1124 1366 coegisset
1135 1281 1162 1356 ²,
1178 1288 1220 1342 ut
1308 1307 1316 1320 ·

156 1376 313 1447 densatis
334 1379 443 1448 scutis
463 1376 509 1448 ab
525 1379 623 1473 jactu
643 1379 848 1474 sagittarum
868 1392 904 1448 et
920 1377 1123 1471 jaculorum
1144 1405 1221 1454 sese

156 1502 358 1574 tuerentur,
373 1494 539 1573 Perseus,
558 1486 780 1559 circumdato
794 1488 937 1559 armatis
951 1489 1113 1578 tumulo,
1132 1491 1220 1564 alios

156 1623 342 1668 ascensum
372 1597 535 1695 undique
566 1611 704 1668 tentare
726 1595 854 1690 jubet,
881 1612 917 1668 et
941 1599 1106 1669 cominus
1132 1624 1220 1697 prae·

155 1707 245 1776 lium
268 1731 480 1796 conserere,
506 1707 593 1777 alios
616 1707 757 1778 eminus
785 1705 854 1776 tela
879 1706 1051 1803 ingerere.
1078 1713 1220 1808 Anceps

159 1822 341 1888 Romanos
367 1831 484 1888 terror
510 1814 789 1888 circumstabat:
817 1839 900 1886 nam
924 1841 1044 1913 ncquc
1066 1819 1221 1894 conferti

158 1950 319 2023 pugnare
340 1941 491 2024 propter
511 1950 591 2013 eos,
611 1926 675 2023 qui
695 1924 888 1996 ascendere
908 1926 946 1998 in
966 1929 1146 2000 tumulum
1164 1957 1220 2004 co

158 2035 350 2123 nabantur,
369 2051 553 2133 poterant3
574 2051 631 2123 et,
648 2033 711 2106 ubi
728 2033 874 2106 ordines
889 2039 1134 2132 procursando
1150 2044 1218 2114 sol-

156 2145 309 2234 vissent,
330 2145 500 2242 patebant
523 2146 650 2242 jaculis
680 2146 877 2242 sagittisve:
898 2147 1053 2219 maxime
1084 2168 1219 2225 cestro·

158 2254 380 2351 sphendonis
406 2255 699 2327 vulnerabantur.
725 2259 809 2324 'Hoc
838 2253 900 2324 illo
930 2253 1053 2326 betlo³
1081 2285 1217 2334 novum

195 2471 220 2502 α.
230 2455 269 2502 Ibi
278 2473 350 2519 quum
370 2457 394 2504 iu
413 2457 494 2504 orbem
511 2457 597 2506 milites
613 2473 665 2504 coc·
707 2454 868 2518 intelligeret,
883 2454 922 2500 vel
936 2453 1021 2503 saltem
1036 2472 1087 2505 uon
1101 2459 1153 2508 sine
1166 2477 1216 2510 ma·

155 2534 247 2598 gisset;
255 2533 306 2581 vid.
317 2537 357 2593 11,
371 2537 417 2594 50,
429 2553 453 2583 u.
466 2537 498 2596 6,
513 2547 537 2585 et
548 2539 662 2598 XXXII,
708 2550 754 2596 gna
767 2532 908 2582 difficultate
918 2534 978 2582 verti
988 2553 1060 2600 posse
1068 2540 1217 2592 animadver-

158 2630 189 2672 π,
203 2629 228 2662 n¹
241 2614 416 2680 t.-Abjactu
429 2613 588 2680 sagittarum,
601 2617 664 2664 forte
707 2624 776 2662 teret.
788 2611 869 2660 Verba
888 2613 987 2678 Polybii
1002 2628 1075 2666 sunt:
1093 2622 1216 2692 Κέστρος·

157 2693 224 2741 ictu:
237 2711 292 2741 nam
304 2694 433 2744 domandis
446 2697 521 2743 acutis
531 2712 582 2742 non
596 2708 664 2745 extra
707 2692 771 2754 ξένον
791 2685 820 2746 ἧν
834 2695 907 2743 τοῦτο
929 2693 957 2745 τό
978 2693 1071 2764 εὕρημα
1087 2700 1154 2752 κατὰ
1174 2702 1215 2754 τόν

154 2774 247 2833 jactum
259 2775 364 2822 telorum
375 2787 457 2834 erant,
473 2793 519 2824 nee
537 2776 620 2824 hostes
635 2793 664 2824 ea
707 2772 824 2840 Περσικὸν
837 2770 953 2838 πόλεμον.
967 2777 1000 2826 Τὸ
1012 2771 1041 2826 di
1057 2776 1125 2839 βιλός
1136 2785 1214 2832 τοιοῦ-

157 2867 184 2898 rc
201 2851 233 2898 ab
250 2853 316 2912 iactu
334 2855 473 2916 sagittarum
491 2854 663 2916 retiaculorum
707 2870 757 2902 τον·
778 2845 944 2902 Innumeros
959 2847 1006 2916 tlt,
1024 2854 1074 2907 ἴσον
1096 2858 1149 2924 όχσν
1173 2861 1213 2912 τὸν

157 2929 298 2993 prohibere,
313 2931 356 2980 aed
375 2951 400 2982 se
421 2945 513 2981 tantum
533 2934 563 2982 eb
579 2951 663 2982 eorum
708 2930 819 2982 αὐλίσκον
846 2934 877 2998 τῇ
899 2927 1014 2999 προόολῇ·
1043 2931 1122 3004 reiro
1146 2937 1213 2999 ξύλον

156 3008 211 3055 ictu
224 3011 286 3055 tueri
298 3021 423 3074 poterant3
437 3013 529 3062 Duler.
541 3040 575 3049 -
588 3014 664 3061 Paulo
708 3009 903 3079 όνήρμσστο,τῷ
932 3009 1214 3084 ὶνμόαεισσιθαμιαῖον,

156 3089 305 3150 argutIorem
327 3091 420 3150 judicet
439 3093 554 3155 Doeriug.
573 3091 665 3139 Dukeri
708 3095 744 3158 τῷ
760 3083 789 3139 dl
809 3085 885 3152 πόχιι
908 3029 1069 3143 dammulae
1092 3094 1146 3160 ἔχον
1168 3097 1213 3154 τὴν

158 3177 242 3214 notam
262 3178 286 3215 et
302 3170 511 3230 emendationem
532 3186 602 3229 uam,
617 3170 664 3229 eit,
708 3162 848 3237 διάμετρον·
869 3165 901 3225 εἰς
924 3162 955 3220 di
976 3170 1062 3234 τσότᾳυ
1088 3174 1115 3225 τὸ
1137 3175 1211 3243 μόσσν

158 3245 191 3290 ab
204 3244 252 3292 ictu
261 3247 407 3312 sagittarum
417 3250 548 3314 veljactu,
559 3248 608 3296 hoc
616 3259 667 3314 est,
711 3246 833 3316 ἐσφῆνωτσ
847 3245 967 3316 πτερύγια
981 3249 1037 3317 τρία
1048 3251 1144 3314 ξόλινα,
1155 3255 1214 3324 βρα·

158 3324 189 3372 ab
208 3326 280 3384 jactis
299 3328 393 3390 sagittis
417 3338 442 3376 et
459 3325 559 3388 jaculis,
578 3327 664 3376 eodem
709 3328 756 3394 χόα
779 3329 915 3384 παντελῶς.
928 3333 1023 3389 Τοῦτο,
1042 3325 1108 3383 tiron
1129 3335 1211 3390 κώλων

158 3403 231 3451 redit.
243 3406 287 3452 Eu.
709 3406 796 3458 ἀνίσων
815 3404 972 3471 ὑπαρχόντων
1001 3415 1043 3468 τῆς
1062 3407 1213 3483 σφενδόνης,

196 3484 220 3531 3,
232 3485 342 3532 Maxime
350 3485 571 3550 cestrosphendonis
579 3488 664 3536 vume-
708 3485 741 3546 ιῖς
754 3489 781 3537 τὸ
803 3485 875 3553 μόσῦν
891 3485 1054 3556 ἕληγκῦλίῖῑτῦ
1070 3499 1116 3543 τῶν
1129 3493 1212 3547 κώλων

157 3563 286 3610 rabuntur.
305 3565 359 3610 Hoc
375 3564 417 3612 illo
432 3565 493 3612 bello
511 3567 607 3614 Maced.
620 3583 664 3614 no·
707 3566 820 3622 ιόλότως.
838 3565 943 3626 Aerati,
957 3569 980 3618 όν
996 3570 1039 3636 ptr
1051 3576 1082 3638 τῇ
1096 3591 1214 3642 περιαγω-

158 3659 212 3689 vum
223 3656 298 3706 genus
312 3643 354 3691 teli
365 3643 485 3692 inventum
498 3657 540 3692 est.
557 3645 664 3710 Bipalme
707 3651 756 3714 γῇ,
778 3642 917 3709 strepitui
936 3648 1043 3711 τούτων,
1060 3651 1150 3719 iperet·
1171 3652 1213 3704 Ire

157 3720 313 3784 spiculum...
335 3722 470 3780 emicabat,
490 3723 562 3771 verba
580 3724 665 3772 obsou-
708 3720 737 3776 di
759 3723 905 3792 σαραλυθεόη
931 3725 1029 3796 θάτερον
1053 3734 1101 3779 τῶν
1129 3730 1211 3785 κώλων

156 3815 192 3857 ra,
202 3815 313 3863 expressa
323 3807 455 3866 exFragm.
464 3802 663 3866 Polyb.xxv11‚
707 3801 774 3855 κατὰ
793 3801 837 3858 τὴν
861 3799 964 3872 ἄφεσιν,
980 3807 1097 3860 ἐκπίπτον
1120 3812 1147 3862 ἐκ
1169 3814 1212 3871 τῆς

158 3877 385 3940 9,quoddebemus
395 3881 535 3928 Snidaevoc.
546 3882 664 3951 Κόστρος,
709 3883 812 3952 ἀγκύλης
822 3886 974 3954 ,ικαόαπιριὶ
993 3881 1108 3955 μολυόόὶς
1129 3891 1156 3941 ἐκ
1167 3893 1212 3953 τῆς

157 3955 189 4003 ad
200 3972 273 4018 quem
280 3956 399 4008 Kiisterus
408 3962 457 4020 jam
469 3959 563 4025 monuit
570 3961 672 4008 Livium'
708 3957 855 4032 σφενδόνης,
873 3965 1038 4035 όφόρετο·“καὶ
1058 3969 1211 4038 προσπίπτον

157 4050 203 4082 suo
216 4051 284 4084 more
295 4036 347 4088 haec
357 4038 457 4087 liberius
466 4041 579 4097 vertisse,
591 4041 663 4088 omis·
708 4041 771 4111 μετὰ
791 4043 873 4107 βιαίας
891 4049 1002 4114 πληγῆς,
1021 4052 1101 4107 κακῶς
1113 4043 1211 4102 duellet

156 4115 189 4160 sis
200 4115 272 4162 etiam
281 4116 443 4179 quibusdam,
453 4134 507 4182 quae
521 4119 601 4166 loram
612 4135 663 4167 non
708 4123 763 4181 τοὺς
776 4125 982 4195 συγκυρήσαντας.
997 4127 1058 4188 Quae
1075 4127 1213 4192 Schweigh.

233 4201 333 4270 VIII.
1079 4212 1099 4280 8
