2970 4712
872 204 885 255 ἐκ

527 381 847 449 FRAGMENTA.
1152 371 1220 467 377

161 518 377 602 laudaverit,
397 517 489 587 sicut
506 515 643 599 Livius,
666 515 730 610 qui
752 514 934 608 elegantiae
960 533 1084 608 regum
1111 533 1221 578 curm-

161 654 233 725 que
251 628 434 724 egregium
456 625 493 696 id
512 648 604 722 opus
626 625 672 694 ait
693 621 811 693 fuisse.

214 769 303 815 Seneca
314 801 320 824 ,
331 765 360 812 de
371 767 461 828 Tranq.
470 767 519 812 An.
531 779 584 827 cap.
597 777 623 825 9.
635 788 670 798 --
683 761 755 809 Conl.
769 759 895 815 oroevt,
911 759 950 806 15.
961 784 995 794 --
1005 757 1067 814 Dio,
1085 757 1170 811 xLu,
1180 755 1222 804 38.

165 878 198 888 -
211 849 301 914 Heynii
313 851 404 913 Opusc.
415 848 490 896 Acad.
501 858 519 896 t.
529 849 555 904 I,
568 863 593 910 p.
606 861 655 908 119
667 861 704 908 sq.

509 1035 579 1111 AD
610 1035 707 1100 LIB.
742 1031 884 1099 CXIV.

212 1232 295 1295 Haec
311 1225 356 1295 de
370 1230 476 1296 Basso
494 1209 656 1323 produnt
674 1221 856 1306 nonnulli,
875 1221 996 1290 Livius
1013 1241 1117 1294 vero,
1136 1213 1225 1284 mili·

167 1349 257 1405 tasse
268 1359 350 1404 eum
361 1335 520 1432 Pompeii
533 1334 715 1432 auspiciis:
729 1358 804 1429 quo
815 1332 908 1402 victo
921 1330 1100 1428 privatum
1114 1326 1227 1420 egisse

166 1445 268 1539 Tyri,
283 1446 532 1542 corruptisque
547 1443 763 1540 quibusdam
774 1441 976 1538 legionariis
988 1435 1164 1520 effecisse,
1174 1450 1226 1519 ut,

166 1553 354 1626 interfecto
373 1559 501 1642 Sexto,
519 1556 638 1652 ipsum
658 1552 724 1624 sibi
746 1551 874 1622 ducem
895 1563 1089 1621 sumerent.

219 1687 324 1751 Appian.
333 1687 392 1734 Bell.
405 1688 460 1736 Civ.
471 1690 519 1745 111,
530 1706 571 1749 77,
583 1689 625 1736 nbi
637 1704 684 1752 pro
693 1683 784 1739 Δῖῧωνι
794 1685 926 1750 legendum
937 1701 988 1732 0⁸⁸⁰
998 1678 1074 1750 Atssip
1084 1691 1164 1741 mter
1177 1679 1227 1743 ⁰Pi'

167 1786 220 1828 nor,
233 1771 337 1830 conjecit
349 1771 484 1836 Schweigb.
494 1782 518 1820 ct
528 1773 578 1834 jam
590 1784 645 1822 ante
659 1788 715 1820 eum
728 1773 804 1819 Perii,
818 1768 947 1818 animadv.
957 1769 1014 1816 bist.
1026 1783 1079 1832 cap.
1090 1773 1118 1822 t,
1132 1781 1157 1831 p·
1170 1778 1227 1822 177·

215 1904 386 1998 Optarem
413 1901 502 1975 mihi
528 1904 756 2000 contingere,
779 1900 880 2000 quod
900 1907 939 1971 T.
960 1901 1079 1970 Livius
1106 1893 1230 1967 scribit

169 2010 214 2082 de
246 2015 399 2096 Catone,
428 2013 532 2107 cujus
566 2013 688 2109 gloriae
719 2036 840 2109 neque
871 2008 1008 2108 profuit
1037 2007 1228 2104 quisquam

168 2119 367 2205 laudand0,
391 2147 457 2192 nec
479 2123 716 2221 vituperando
739 2109 932 2220 quisquam
950 2119 1095 2203 nocuit,
1116 2138 1230 2212 quum

167 2245 361 2326 utrumque
380 2233 533 2303 summis
547 2232 685 2331 praediti
703 2231 854 2304 fecerint
870 2230 1031 2328 ingeniis.
1050 2224 1232 2324 Significat

170 2354 289 2411 autem
315 2346 362 2412 M.
387 2343 598 2416 Ciceronem
621 2357 658 2416 et
680 2347 719 2416 C.
747 2349 941 2430 Caesarem,
963 2362 1120 2438 quorum
1143 2336 1232 2408 alter

170 2448 313 2537 laudes,
327 2451 415 2522 alter
430 2454 710 2550 vituperationes
724 2452 931 2552 supradicti
946 2449 1087 2546 scripsit
1098 2446 1177 2518 viri.

222 2589 323 2638 Hieron.
337 2588 401 2638 Prcl.
410 2589 455 2638 lib.
464 2591 488 2636 ΙΙ
498 2591 525 2638 in
538 2593 651 2639 lloscam.

515 2772 584 2838 AD
615 2773 712 2839 LIB.
745 2775 888 2843 CXVI.

221 2960 369 3032 AEdibus
402 2963 547 3032 Caesaris
580 2977 728 3034 ornatus
759 2963 1025 3057 majestatisque
1057 2983 1162 3028 causa
1192 2983 1235 3028 ex

173 3077 264 3145 SCto
284 3073 492 3168 adjunctum
512 3088 588 3143 crat
607 3072 808 3170 fastigium,
827 3088 868 3144 ut
886 3087 1011 3142 auctor
1030 3084 1082 3140 est
1102 3069 1233 3140 Livius.

173 3181 214 3252 ld
234 3209 299 3281 per
317 3184 476 3279 quietem
491 3184 682 3281 Calpurnia
699 3183 827 3254 collabi
843 3183 1032 3279 imaginata
1047 3179 1237 3251 videbatur

174 3293 242 3363 sibi
260 3294 447 3364 lamentari
466 3293 614 3380 etflerc.
635 3298 760 3391 Itaque
779 3310 858 3365 orta
874 3294 954 3366 luce
971 3293 1110 3389 rogavit
1128 3297 1236 3360 Caesa·

174 3427 271 3485 rem,
295 3407 321 3472 si
346 3429 418 3502 qua
441 3403 519 3476 fieri
544 3419 686 3502 posset,
714 3429 760 3474 ne
783 3403 945 3501 prodiret
973 3406 1007 3473 in
1032 3401 1237 3500 publicum,

176 3513 235 3582 sed
255 3515 289 3581 in
310 3512 406 3583 aliud
422 3529 565 3612 tempus
583 3530 747 3585 senatum
765 3514 939 3609 rejiceret.

228 3653 293 3700 Plnt.
308 3653 368 3700 Caes.
379 3671 404 3716 p.
420 3655 480 3714 738.
494 3682 530 3690 —-
543 3655 616 3704 Conl.
631 3657 698 3702 Suet.
712 3656 773 3708 ees.
784 3656 825 3712 81,
838 3654 922 3718 ibique
935 3657 1018 3724 Iutpp.

225 3783 359 3852 Malum
377 3809 485 3854 omen
504 3799 576 3871 est,
596 3786 738 3880 quoties
753 3790 872 3872 AEtna,
887 3810 992 3856 mons
1006 3786 1149 3870 Siciliae,
1165 3809 1238 3854 non

178 3895 337 3981 fumum,
361 3896 422 3965 serl
450 3895 672 3967 flammarum
697 3899 809 3994 egerit
833 3894 980 3994 globos;
1007 3910 1061 3981 et,
1086 3908 1128 3966 ut
1155 3893 1241 3964 dicit

179 4007 317 4088 Livius,
342 4021 439 4076 tauta
464 4006 606 4076 flamma
631 4022 713 4077 ante
739 4020 892 4099 mortem
913 4005 1058 4076 Caesaris
1077 4029 1120 4074 ex
1140 4008 1241 4075 AEtna

179 4132 301 4188 monte
313 4115 479 4201 defluxit,
490 4132 614 4188 utnon
628 4131 766 4188 tantum
780 4118 903 4188 vicinae
916 4115 1044 4204 urbes,
1060 4115 1239 4192 sedetiam
