2982 4702
210 385 333 485 tta:
456 402 608 468 tinnit
637 399 780 468 xmu.
808 400 912 468 cte.
940 402 987 468 112
1177 399 1242 470 ηε

184 524 311 594 ordine
336 509 515 594 senatorio
541 522 661 609 daret,
689 535 955 618 patronosque,
974 543 1066 616 quos
1090 521 1243 610 vellent,

121 663 125 672 ’
184 635 350 706 sumendi
364 647 579 731 potestatem
595 630 737 702 laceret.
753 632 897 702 Vocatis
915 631 1104 738 incuriam
1121 631 1245 728 legatis

182 747 371 816 recitatum
394 760 448 815 est
470 742 840 829 senatusconsultum,
864 741 1026 837 jussique
1056 744 1244 813 nominare

182 869 375 950 patronOS,
395 847 551 950 quatuor
570 854 868 937 nominaverunt,
885 856 932 921 Μ.
953 852 1117 922 Porcium
1137 856 1244 924 Cato·

184 985 291 1049 nem,
314 968 349 1034 P.
370 963 577 1033 Cornelium
600 967 666 1033 Cn.
692 967 728 1031 F.
751 962 977 1057 Scipionem,
1001 966 1041 1031 L.
1062 963 1244 1034 AEmilium

184 1074 222 1141 L.
235 1077 270 1141 F.
284 1072 465 1162 Paullum,
482 1076 519 1142 C.
537 1073 732 1171 Sulpicium
748 1071 904 1142 Gallum.
921 1069 1033 1143 Cum³
1048 1078 1096 1143 M.
1112 1077 1244 1148 Titinio

183 1183 360 1277 primum,
378 1185 443 1279 qui
461 1196 591 1281 praetor
611 1189 653 1255 A.
676 1182 829 1267 Manlio,
843 1188 891 1252 M.
912 1188 930 1252 J
934 1184 1019 1253 unio
1036 1183 1245 1260 consulibus¹
1313 1219 1317 1224 ’

184 1293 221 1360 in
245 1293 408 1364 citeriore
435 1294 604 1390 Hispania
629 1291 765 1381 fuerat,
790 1308 1061 1390 recuperatores
1083 1319 1245 1393 sumpse·
1312 1363 1314 1373 ,

185 1417 280 1472 runt.
304 1405 359 1473 Bis
384 1405 594 1502 ampliatus,
616 1405 722 1474 tertio
743 1403 928 1473 absolutus
947 1417 1000 1474 est
1019 1408 1140 1474 reusl.
1165 1407 1246 1477 Dis·

185 1518 302 1587 sensio
323 1519 417 1588 inter
444 1516 596 1587 duarum
617 1517 882 1614 provinciarum
911 1514 1046 1611 legatos
1067 1530 1122 1585 est
1146 1530 1244 1586 orta:

184 1627 357 1698 citerioris
375 1628 553 1725 Hispaniae
570 1625 697 1723 populi
715 1629 762 1694 Μ.
783 1628 956 1694 Catonem
971 1638 1007 1693 et
1023 1615 1245 1721 Scipionem3
1340 1695 1345 1707 .

185 1736 363 1808 ulterioris
387 1743 426 1808 L.
449 1736 615 1808 Paullum
635 1749 671 1806 et
692 1733 834 1804 Gallum
857 1731 1053 1828 Sulpicium
1073 1746 1246 1834 patronos

154 1839 156 1846 ’
186 1863 426 1944 sumpserunt.
444 1846 499 1918 Ad
519 1859 790 1943 recuperatores
812 1841 956 1913 adducti
977 1869 997 1912 a
1021 1842 1246 1913 citerioribus

185 1955 328 2050 populis
352 1960 389 2026 P.
413 1956 540 2026 Furius
561 1954 703 2039 Philus,
730 1951 775 2022 ab
801 1951 1032 2023 ulterioribus
1052 1955 1100 2020 Μ.
1122 1954 1246 2024 Matie-

186 2086 263 2132 nus.
279 2062 343 2134 llle
358 2067 418 2162 sp.
433 2065 637 2150 Postumio,
656 2064 699 2152 Q.
719 2053 841 2133 Mucio
861 2060 1071 2132 consulibus
1090 2063 1246 2133 triennio

186 2187 290 2259 ante,
314 2174 372 2244 hic
400 2172 548 2245 biennio
571 2176 694 2272 prius,
721 2177 761 2244 L.
789 2174 994 2258 Postumio,
1022 2176 1069 2241 M.
1096 2172 1246 2268 Popillio

186 2284 410 2367 consulibus,
425 2301 555 2382 praetor
573 2282 700 2354 fuerat.
723 2282 947 2353 Gravissimis
966 2280 1175 2350 criminibus
1190 2307 1247 2352 ac-

187 2394 298 2464 cusati
320 2393 428 2463 ambo
451 2394 710 2492 ampliatique:
735 2416 848 2489 quum
871 2390 1023 2462 (licenda
1043 2388 1088 2459 de
1105 2391 1247 2486 integro

188 2526 292 2572 causa
307 2517 417 2590 esset,
432 2505 590 2574 excusati
607 2503 720 2574 exsilii
734 2526 839 2574 causa
853 2501 970 2571 solum
984 2501 1129 2571 vertisse
1136 2496 1162 2570 ⁵.
1178 2505 1247 2570 Fu·

185 2613 260 2683 rius
284 2617 478 2703 Proeneste,
504 2616 681 2686 Matienus
706 2613 818 2685 Tibur
843 2612 1045 2683 exsulatum
1067 2610 1245 2682 abierunt.

187 2726 291 2816 Fama
311 2740 406 2812 erat,
427 2723 612 2822 prohiberi
633 2750 653 2795 a
677 2724 838 2822 patronis
856 2720 996 2792 nobiles
1017 2745 1057 2791 ac
1081 2723 1247 2818 potentes

187 2957 319 3014 senatorio,
334 2968 381 3008 etc.
397 2958 447 3008 vid.
458 2961 558 3016 XXVI,
572 2961 617 3017 48,
629 2975 657 3007 n.
669 2961 693 3008 3.
737 2961 773 3006 M.
781 2958 900 3006 Titinium
910 2957 948 3004 bis
957 2956 1097 3021 ampliatum
1108 2957 1196 3014 ,tertio
1209 2955 1247 3002 ab

223 3036 247 3082 3.
259 3035 317 3083 Cum
331 3039 367 3086 M.
382 3038 485 3096 Titinio,
497 3040 577 3102 primo
588 3054 640 3086 reo.
737 3038 852 3086 solutum.
871 3041 955 3100 Itaque¹
968 3034 1082 3099 ampliati
1094 3033 1247 3092 dicebantur,

224 3122 246 3169 4.
259 3115 299 3162 Bis
310 3117 454 3180 ampliatus,
470 3129 487 3164 t.
503 3135 527 3166 a.
545 3133 606 3164 reus.
618 3145 654 3151 -
664 3119 694 3164 Et
737 3117 801 3164 utin
809 3117 928 3164 Annotat.
938 3113 1041 3161 Bndaeus
1052 3112 1139 3170 tradit,
1155 3112 1173 3158 ii
1182 3129 1247 3176 quo·

187 3192 301 3251 iuferius,
314 3196 423 3242 aceruati
436 3196 507 3242 ambo
518 3194 678 3258 ampliorique
684 3213 694 3251 ,·
738 3211 796 3241 mm·
806 3193 929 3242 damnatio
939 3193 978 3240 vel
991 3191 1112 3240 absolutio
1122 3191 1248 3238 differeba-

189 3271 236 3317 nin
253 3272 352 3332 judiciis
374 3275 494 3338 antiquis,
515 3277 548 3321 ait
566 3275 693 3330 Donatus,
738 3285 786 3333 tur,
805 3284 848 3320 aut
868 3273 924 3336 qnia
944 3287 1026 3319 coram
1050 3281 1123 3320 testes
1145 3270 1248 3318 sistendi

189 3350 306 3414 ampliare
322 3351 423 3400 verbum
438 3354 533 3400 forense
550 3363 613 3412 erat,
625 3363 650 3399 et
662 3351 694 3399 si·
739 3364 829 3409 essent,
843 3363 935 3403 etcum
947 3351 996 3398 illis
1011 3350 1193 3409 committendi3
1203 3362 1247 3399 aut

179 3421 317 3490 ‘gnificabat
328 3431 479 3495 interloqui,
492 3448 535 3480 seu
551 3431 694 3479 sententiam
739 3432 796 3495 qnia
812 3431 922 3478 nondum
942 3430 1013 3495 plane
1029 3429 1139 3493 liquebat
1156 3441 1198 3478 aut
1216 3429 1247 3477 de

189 3507 299 3569 fflfferre,
310 3527 385 3573 quum
395 3527 465 3558 causa
475 3511 554 3559 adhuc
564 3522 625 3559 esset
639 3511 695 3558 obs·
739 3513 850 3566 crimine,
861 3521 903 3557 aut
912 3509 942 3557 de
953 3508 1028 3556 modo
1036 3525 1130 3572 poenae3
1139 3519 1182 3556 aut
1189 3508 1247 3570 quia

189 3602 258 3646 οπως
276 3589 333 3637 inde
352 3589 429 3649 judex
449 3590 623 3654 pronuntiabat
646 3605 696 3636 nort
739 3600 878 3653 argumenta
891 3600 916 3636 et
924 3588 1082 3652 probationes
1092 3587 1202 3635 nondum
1210 3603 1247 3634 sa-

189 3665 271 3730 liquet.
285 3669 343 3716 Vid.
365 3669 417 3719 Cio.
434 3685 481 3733 pro
496 3671 562 3718 Coec.
584 3686 630 3729 ro,
648 3685 694 3734 pro
739 3669 770 3716 tis
788 3679 856 3716 erant
872 3667 960 3715 idonea
977 3667 1009 3714 ad
1021 3665 1196 3714 absolvendum
1208 3667 1248 3713 vel

189 3745 317 3806 Cluentio,
327 3749 374 3806 283
387 3751 419 3796 A.
432 3749 496 3798 Gell.
514 3749 558 3796 lib.
570 3750 640 3806 XVI,
654 3764 694 3796 11.
739 3747 963 3794 condemnandum:
973 3746 1005 3792 ad
1015 3745 1083 3808 quod
1091 3744 1187 3791 videtur
1196 3760 1246 3807 spe

189 3825 462 3890 llicampliatosseribit
471 3828 553 3874 Livius
561 3831 588 3875 P.
596 3827 695 3874 Furium
739 3837 803 3875 ctare
827 3827 965 3873 Plautinum
987 3824 1048 3872 illud
1069 3824 1096 3870 in
1121 3823 1245 3887 Amphitr.

189 3901 298 3964 Philum,
315 3919 339 3956 et
354 3909 390 3954 M.
400 3907 535 3954 Matienum
548 3921 614 3966 reos,
627 3906 652 3954 h.
674 3919 695 3953 e.
741 3906 830 3952 tacent
837 3905 958 3961 rationes,
968 3903 1023 3951 silet
1023 3900 1156 3967 judicium,
1166 3902 1246 3949 nescio

187 3980 306 4040 judicium
329 3983 427 4033 illorum
447 3984 564 4041 dilatum,
580 3997 605 4033 et
620 4000 695 4048 quum
740 3983 802 4046 quid
810 3983 979 4031 dicamnlln.

191 4058 290 4108 dicenda
302 4062 333 4110 de
343 4064 438 4128 integro
455 4079 525 4111 causa
536 4074 695 4122 esset,excu·
775 4063 799 4111 5.
823 4062 943 4110 Excusati
968 4060 1049 4107 exsilii
1069 4075 1145 4106 cansa
1169 4061 1247 4107 solum

192 4149 255 4186 satos
271 4141 354 4197 exsilii.
366 4158 434 4190 causa
449 4140 527 4189 solum
542 4143 656 4202 vertisse;
672 4154 696 4189 et
739 4141 856 4199 vertisse,-
867 4141 921 4189 vide
934 4139 966 4188 ad
982 4140 1033 4197 111,
1054 4139 1102 4197 13,
1116 4154 1140 4184 n.
1156 4152 1196 4182 ro.
1213 4161 1248 4174 --
