2972 4720
209 397 242 494 'a
251 391 277 494 i:
288 403 336 494 x:
386 413 473 481 un.
499 407 605 479 xm.
630 407 729 479 xexn
756 411 915 488 xxxiv,
941 411 1085 483 xxxv.
1202 411 1244 482 61

185 534 389 617 «Ordinem
411 557 487 628 quo
511 555 570 602 me
596 529 746 627 dignum
769 517 971 626 judicent¹²
992 530 1132 603 'tribuni
1152 534 1246 604 mili·

184 673 202 710 «
216 661 312 733 mm,
330 646 491 741 ipsorum
509 645 567 713 est·
579 642 788 739 potestatis:
811 666 857 712 ne
881 642 961 738 quis
983 665 1043 713 me
1060 643 1191 714 virtute
1209 645 1246 715 in

186 755 375 826 «exercitu
388 767 548 851 praestet,
565 751 659 822 dabo
675 775 820 849 operam
833 779 843 840 ;
858 759 894 823 et
908 777 1050 850 semper
1061 755 1111 824 ita
1123 751 1247 826 fecisse

187 865 281 935 eme
299 879 335 935 et
358 865 588 960 imperatores
610 864 702 950 mei,
721 877 757 933 et
781 863 843 960 qui
861 887 939 938 <uua
960 862 1136 962 stipendia
1152 863 1249 935 lece-

187 1003 204 1038 α
217 988 322 1060 runt,
337 987 444 1046 testes
462 988 556 1043 sunt.
572 977 646 1044 Vos
662 997 810 1069 quoque
829 989 973 1068 aequunt
989 988 1060 1061 est,
1080 969 1250 1046 commili-

186 1099 336 1169 «tones,
355 1085 420 1154 etsi
434 1081 680 1184 appellationis
695 1081 799 1154 vobis
816 1085 995 1180 usurpatis
1004 1084 1063 1178 jus
1073 1080 1116 1171 ¹³,
1134 1109 1248 1181 quum

188 1193 460 1265 «adolescentes
486 1192 577 1262 nihil
600 1192 771 1264 adversus
796 1193 1067 1287 magistratuum
1092 1209 1249 1264 senatus·

187 1289 289 1401 ique
305 1304 551 1374 auctoritatem
571 1325 724 1398 usquam
744 1298 915 1386 feceritis,
935 1325 1032 1372 nunc
1047 1325 1195 1398 quoque
1211 1303 1248 1372 in

189 1429 392 1512 «potestate
411 1427 554 1484 senatus
575 1435 614 1482 ac
632 1409 822 1482 consulum
840 1413 970 1496 esse¹l‚
991 1423 1028 1479 et
1045 1412 1166 1481 omnia
1184 1411 1249 1482 ho·

189 1555 207 1592 a
220 1539 319 1595 nesta
347 1524 425 1594 loca
452 1522 603 1609 ducere,
627 1521 761 1618 quibus
784 1518 1043 1617 rempublicam
1068 1519 1249 1592 defensuri

188 1664 206 1700 a
221 1635 295 1706 sitis
309 1634 336 1703 n.
467 1645 469 1648 ’

237 1747 379 1815 XXXV.
405 1747 487 1812 Haec
508 1741 576 1812 ubi
598 1742 704 1826 dixit,
726 1739 966 1812 collaudatum
991 1740 1111 1812 multis
1131 1740 1251 1812 verbis

190 1852 316 1924 consul
338 1877 382 1922 ex
405 1852 579 1922 concione
597 1854 635 1920 in
654 1865 815 1921 senatum
839 1849 950 1921 duxit.
976 1850 1032 1922 Ibi
1048 1875 1196 1947 quoque
1217 1853 1250 1921 ei

190 1989 235 2034 ex
260 1963 468 2033 auctoritate
490 1976 634 2040 senatus
658 1963 777 2056 gratiae
797 1976 901 2048 acta,
924 1959 1134 2058 tribunique
1155 1963 1249 2032 mili-

190 2086 283 2143 tares
304 2071 342 2140 in
361 2070 501 2166 legione
523 2071 637 2166 prima
655 2071 813 2167 primurn
830 2069 965 2166 pilum¹
983 2072 1125 2143 uirtutis
1146 2094 1251 2141 causa

191 2185 224 2254 ei
248 2183 479 2278 assignarunt.
510 2181 637 2250 Castori
663 2180 911 2265 centuriones,
939 2181 1069 2266 omissa
1096 2179 1249 2276 appella·

191 2289 308 2380 tione,
339 2292 384 2363 ad
413 2283 592 2362 delectum
621 2288 832 2362 obedienter
858 2288 1137 2388 responderunt.
1167 2291 1251 2379 Quo

192 2405 363 2474 maturius
385 2403 423 2470 in
448 2400 649 2497 provincias
674 2400 897 2495 magistratus
916 2396 1248 2496 proficiscerentur,

220 2649 267 2690 ra.
282 2641 396 2710 Ordinem
410 2657 458 2705 qno
474 2656 511 2688 nee
524 2639 699 2706 dr'gnumjudi-
720 2663 721 2668 ¹
781 2642 823 2690 13.
843 2640 1019 2704 Appellationis
1041 2642 1112 2690 vobr'r
1130 2642 1251 2706 usurpatis

190 2732 260 2777 cent,
273 2732 319 2768 etc.
328 2720 403 2768 immo
416 2718 516 2776 ordinm
528 2719 639 2767 Gronov.
651 2719 699 2767 uiri
737 2719 781 2784 jas
787 2738 798 2778 ‚·
807 2720 872 2768 coni.
882 2719 913 2767 ad
924 2711 1034 2785 capia,
1043 2738 1069 2768 n.
1080 2736 1104 2782 7,
1113 2732 1138 2768 et
1148 2721 1179 2770 ad
1188 2724 1251 2770 Prae-

190 2810 246 2863 post
256 2799 364 2847 ordinem
373 2800 411 2847 vel
421 2810 477 2846 ante
487 2798 593 2862 ipsorum
602 2799 698 2845 interci-
744 2799 788 2848 lat.
798 2800 850 2848 Liv.
861 2815 887 2846 n.
903 2815 942 2846 ra.
960 2825 995 2836 -
1012 2799 1083 2846 Nihil
1093 2799 1205 2848 adversus
1218 2817 1251 2848 rn.

122 2889 124 2898 ’
191 2878 228 2924 dit
237 2877 424 2942 arsr'gnare,rel
432 2876 574 2933 attribuere,
586 2875 714 2944 definire·
740 2895 762 2926 s.
771 2895 796 2926 a.
807 2893 910 2940 usquam
912 2876 1111 2942 fiteritis,forte
1123 2894 1247 2942 unquam,

189 2967 309 3010 statuere,·
319 2954 390 3001 Crer.
403 2965 426 3000 et
440 2954 516 3003 Drak.
530 2981 565 2992 -
575 2956 633 3002 Non
645 2955 698 3002 hec
741 2957 782 3004 eui
801 2965 866 3003 recte
885 2956 1020 3018 opponitur
1037 2970 1118 3002 nune:
1129 2956 1172 3002 sed
1188 2957 1251 3006 nitit

191 3032 306 3082 tentanda
319 3031 433 3080 ridentur
443 3032 530 3093 verba,
539 3033 572 3078 ait
582 3033 649 3084 Frid.
658 3035 700 3080 Ja·
743 3049 845 3098 usquam
856 3032 941 3080 eodem
952 3031 1026 3079 modo
1037 3032 1117 3094 accipi
1126 3032 1212 3094 debet,
1224 3047 1251 3082 ut

191 3111 262 3161 eoba.
274 3113 341 3176 apud
349 3111 431 3160 Goell.
442 3129 467 3176 p.
479 3113 549 3172 4063
571 3126 622 3159 non
638 3113 702 3158 enim
747 3111 826 3162 nullus
844 3125 960 3174 nsquam,
977 3109 1011 3156 de
1026 3125 1076 3173 quo
1091 3125 1164 3174 supra
1180 3112 1211 3159 ad
1224 3113 1252 3160 li.

191 3193 276 3243 durior
288 3193 315 3240 in
328 3192 367 3240 his
381 3192 476 3250 oratio,
488 3205 560 3254 quern
573 3191 600 3236 in
613 3192 703 3238 Teren·
747 3190 819 3238 brom
831 3190 948 3246 XXXII,
959 3189 1004 3248 35,
1021 3204 1046 3236 n.
1055 3205 1082 3247 a,
1096 3189 1250 3250 vidimur,et

191 3273 244 3332 tio,
260 3272 371 3321 Eunuch.
386 3273 430 3330 tv,
451 3271 481 3328 3,
500 3288 525 3319 r.
541 3285 581 3318 11.
592 3293 605 3312 α
619 3271 702 3318 Eunu·
748 3270 853 3316 innunt
864 3268 999 3333 opponitur
1011 3269 1156 3333 precedenti
1170 3271 1255 3338 adala

191 3350 264 3400 chum
284 3367 356 3416 quem
376 3349 463 3402 dedisti
487 3349 576 3410 nohis,
598 3343 700 3412 quantae
743 3347 933 3403 sceneca-urat.

191 3431 274 3478 turbas
295 3431 363 3480 dedit
376 3453 397 3479 n.
420 3433 471 3486 Aut
501 3429 567 3494 apud
596 3431 695 3481 Patron.
780 3431 860 3485 14.In
875 3439 998 3491 potestate
1017 3440 1114 3476 renatas
1136 3447 1166 3477 ac
1189 3447 1250 3480 coss.

192 3523 244 3573 cap.
261 3517 306 3566 14:
318 3531 331 3552 α
339 3509 405 3557 hunc
426 3509 603 3558 adolescentem
626 3524 699 3572 quem
742 3524 809 3564 esse;
817 3506 873 3554 vide
883 3505 915 3554 ad
923 3508 962 3563 11,
973 3507 1019 3565 56,
1030 3524 1055 3556 n.
1069 3509 1109 3557 16.
1118 3533 1153 3544 -·
1161 3511 1195 3557 Et
1203 3526 1252 3559 orn·

192 3584 272 3644 rides,
288 3587 352 3635 malo
372 3599 437 3636 astro
459 3600 532 3636 netur
554 3599 618 3637 esta.
637 3589 698 3650 Quae
743 3587 853 3634 nialoca
871 3585 972 3634 honesta
984 3587 1088 3645 deicere,¹
1102 3588 1253 3649 rideale,

191 3665 317 3714 imitentur
332 3665 435 3730 vulgaris
447 3667 565 3715 sermonis
577 3666 700 3730 negligen·
747 3666 792 3724 16,
804 3681 829 3714 u.
845 3666 868 3712 5.

191 3745 344 3806 ttammujus
354 3745 461 3793 colorem
471 3747 553 3794 Livius
564 3762 609 3809 per
620 3755 697 3793 totam
785 3745 847 3792 Cir.
870 3746 980 3793 XXXV.
1002 3760 1024 3794 r.
1045 3743 1155 3791 Primum
1175 3745 1253 3809 pilum

192 3821 254 3870 hanc
268 3824 350 3872 militis
363 3823 498 3871 orationem
513 3824 606 3888 egregie
618 3839 697 3870 serra·
741 3821 841 3870 virtutis
858 3838 933 3870 causa
953 3821 977 3870 ei
992 3821 1167 3886 (terrigenarum,⁸
1193 3825 1252 3874 ride

192 3903 236 3950 vit.
252 3903 413 3950 lin-Mox
425 3917 457 3949 ex
472 3902 567 3949 emend.
586 3903 696 3951 Gronov.
742 3902 773 3949 ad
788 3903 825 3959 11,
837 3916 880 3960 27,
890 3917 979 3962 n.7.-
985 3899 1150 3958 Centuriones,
1162 3903 1251 3954 emim

192 3979 259 4028 edidi
267 3991 390 4045 etsemper
398 3981 435 4029 lta
434 3979 523 4044 secisse
531 3996 577 4043 pro
587 3993 615 4029 ut
622 3998 641 4028 s.
651 3980 667 4030 i.
668 3979 697 4045 f
742 3979 907 4043 appellatione
922 3978 989 4044 (vide
1004 3978 1075 4028 adh.
1091 3980 1109 4030 l.
1127 3997 1180 4047 cap.
1201 3984 1253 4042 32,

191 4061 285 4107 Vocem
296 4061 332 4108 tta
344 4059 470 4109 delendam
482 4061 551 4108 etsie
563 4062 591 4111 τὸ
605 4071 633 4108 ut
643 4060 699 4106 reti·
744 4074 769 4105 n.
783 4059 822 4124 7),
830 4057 867 4105 ad
877 4057 995 4106 delectum
1007 4059 1146 4107 obedienter
1154 4076 1254 4125 respon·

193 4138 301 4187 nendum
311 4140 424 4190 censebat
431 4141 501 4190 Cret.
746 4135 994 4200 derunt5ridead1,
1009 4153 1055 4199 11,
1067 4155 1092 4188 n.
1106 4140 1130 4187 3.
