2982 4702
252 373 298 465 94
687 371 725 436 r.
761 371 899 437 nvn
1166 349 1294 454 attat:

251 491 549 589 inexsuperabilis
569 491 783 562 munimenti
805 513 885 588 spes
906 490 1042 560 incolas
1061 489 1257 564 ferociores
1270 492 1319 566 fa-

252 620 370 690 ceret,
386 627 461 673 non
481 617 602 701 portas
622 600 789 672 claudere
809 602 886 697 regi
904 600 1319 690 satisshahnerunt,«sed

252 715 395 816 probris
416 737 565 812 quoque
588 712 624 781 in
646 713 768 810 ipsum
793 709 1084 808 Macedonasque
1106 712 1320 809 procacibus

251 825 395 922 jaculati
416 837 500 895 sunt
513 833 538 893 ¹.
554 825 643 912 Quae
656 845 734 909 res,
755 846 871 919 quum
884 818 1106 893 infestiorem
1120 822 1261 894 hostem
1274 824 1319 895 ad

252 933 539 1034 oppugnandum
558 931 720 1018 fecisset,
746 932 844 1028 ipsos
869 931 1119 1029 desperatione
1139 933 1252 1003 veniae
1274 933 1318 1004 ad

250 1045 406 1116 tuendos
425 1067 501 1114 sese
519 1042 637 1113 aerius
658 1040 830 1112 accendit.
851 1045 978 1138 ltaque
1000 1065 1066 1138 per
1086 1040 1248 1112 triduum
1270 1044 1319 1114 in-

252 1152 418 1252 gentibus
438 1155 621 1249 utrimque
642 1151 770 1222 animis
792 1167 829 1222 et
852 1167 1067 1249 oppugnata¹
1088 1167 1189 1239 sunt,
1208 1167 1245 1223 et
1262 1152 1319 1225 de.

246 1264 365 1339 tense.
382 1262 579 1334 Multitudo
591 1261 832 1332 Macedonum
848 1261 893 1332 ad
908 1261 1138 1332 subeundum
1153 1263 1191 1331 in
1205 1267 1316 1334 vicem

251 1374 413 1474 praelium
423 1372 520 1444 haud
530 1370 726 1443 difficulter
735 1371 965 1448 succedebat:
976 1371 1195 1470 oppidanos,
1206 1373 1317 1462 diem,

252 1501 395 1557 noctem
418 1483 565 1556 eosdem
587 1497 730 1553 tuentes
750 1484 905 1568 moenia,
925 1507 1000 1555 non
1022 1482 1171 1554 vulnera
1187 1482 1317 1571 modu,

252 1595 435 1672 sedetiam
446 1593 573 1690 vigiliae
586 1608 622 1663 et
631 1595 821 1664 continens
835 1592 938 1663 labor
948 1589 1169 1663 conficiebat.
1179 1597 1318 1684 Quarto

250 1708 326 1793 die,
344 1729 458 1803 quum
476 1718 513 1774 et
530 1703 630 1774 scalae
648 1702 812 1799 undique
827 1701 873 1773 ad
888 1726 1012 1773 muros
1027 1704 1266 1798 erigerentur,
1283 1719 1318 1775 et

250 1831 355 1916 porta
373 1818 408 1884 vi
426 1815 560 1908 majore
582 1827 868 1912 oppugnaretur,
890 1813 1062 1911 oppidani
1078 1813 1219 1910 depulsi
1237 1839 1317 1885 mu·

251 1930 299 1998 ris
321 1925 367 1996 ad
393 1939 533 2022 portam
555 1923 727 1994 tuendam
753 1937 996 2010 concurrunt,
1017 1926 1317 2022 eruptionemque

251 2036 479 2135 repentinam
498 2036 537 2104 in
557 2033 680 2104 hostes
703 2032 850 2105 faciunt.
877 2037 967 2124 Quae
990 2059 1104 2131 quum
1126 2036 1186 2105 irae
1207 2039 1318 2134 magis

252 2145 465 2218 inconsultae
474 2155 502 2227 ²,
527 2168 636 2242 quam
650 2168 751 2214 -verae
770 2140 910 2213 fiduciae
934 2145 1064 2214 virium
1085 2159 1195 2231 esset,
1214 2146 1318 2242 pauci

252 2274 288 2328 et
304 2255 385 2327 fessi
401 2253 448 2324 ab
463 2254 613 2350 integris
627 2252 724 2351 pulsi
738 2267 838 2350 terga
852 2251 1050 2336 dederunt,
1068 2253 1317 2352 fugientesque

252 2393 317 2466 per
346 2379 531 2464 patentem
558 2379 698 2461 portam
729 2363 852 2434 hostes
883 2380 1110 2461 acceperunt.
1140 2371 1194 2437 Ita
1216 2381 1318 2464 capta

251 2481 339 2552 urbs
358 2505 398 2550 ac
415 2480 554 2576 direpta
573 2492 645 2548 est=
664 2475 779 2548 libera
796 2502 944 2575 quoque
963 2502 1134 2576 corpora,
1158 2505 1240 2576 quae
1258 2505 1317 2551 cae·

251 2591 358 2663 dibus
385 2587 662 2689 superfuerunt,
692 2587 922 2660 venumdata.
951 2589 1083 2660 Dirnto
1116 2613 1246 2687 magna
1274 2617 1318 2662 er

253 2718 354 2801 parte
372 2715 408 2772 et
426 2702 573 2771 incenso
593 2698 730 2796 oppido
747 2697 949 2794 profectus,
969 2697 1014 2768 ad
1031 2699 1249 2772 Phalannam
1265 2725 1318 2772 ca-

252 2828 324 2883 stra
343 2812 474 2882 morit:
493 2810 579 2880 inde
597 2824 745 2907 postero
760 2809 818 2880 die
832 2815 1033 2906 Gyrtonem
1046 2815 1221 2909 pervenit.
1237 2819 1318 2906 Quo

253 2949 368 3022 quum
386 2926 426 2992 Τ.
445 2922 646 2993 Minucium
660 2918 795 2990 Rufum
811 2935 848 2991 et
860 2923 1050 3020 Hippiam,
1068 2921 1317 2993 Thessalorum

252 3050 463 3133 praetorem,
485 3056 569 3133 curn
591 3028 756 3128 praesidio
775 3031 923 3103 intrasse
940 3033 1154 3130 accepisset,
1176 3049 1316 3105 neten·

252 3159 325 3216 tata
339 3141 487 3240 quidem
502 3141 789 3238 oppugnatione,
807 3157 1097 3239 praetergressus,
1116 3144 1264 3216 Elatiam
1285 3161 1319 3215 et

288 3401 348 3448 Car.
375 3398 438 3443 LIV.
463 3411 485 3443 1.
502 3395 600 3444 Probris
617 3411 714 3460 quoqne
736 3395 761 3442 in
807 3412 863 3444 casu
867 3397 981 3461 jaculari
989 3414 1022 3445 ea·
1031 3415 1141 3455 suornm
1154 3411 1177 3446 et
1194 3401 1258 3447 sorte
1273 3399 1318 3463 leg.

252 3479 329 3544 ipsum
342 3478 377 3524 M.
385 3463 532 3539 procacibus
539 3473 649 3538 jaculati
656 3485 722 3530 sunt,
734 3483 764 3522 ut
801 3476 924 3539 joculari,
936 3489 978 3525 aut
987 3479 1101 3540 probru,⁸
1112 3480 1224 3526 Gronov.
1240 3477 1321 3524 locari

248 3557 371 3608 sententiis
395 3555 419 3602 in
441 3555 632 3619 rixaremapud
659 3554 763 3616 Quintil.
808 3555 1129 3614 commonueram,
1148 3558 1189 3612 34.
1207 3555 1320 3603 Sedvide

250 3642 305 3695 lx,
318 3655 347 3695 a,
361 3652 387 3684 n.
404 3649 444 3696 79.
457 3635 490 3684 Τὸ
505 3633 530 3680 in
549 3633 678 3682 delendum
696 3643 765 3696 puta·
809 3633 1095 3692 nutaverintvmso.

251 3719 293 3767 hat
308 3719 440 3765 Burmann.
461 3713 492 3759 ad
504 3712 577 3760 Ovid.
595 3713 651 3764 Am.
668 3713 717 3766 111,
732 3712 763 3768 3,
844 3729 868 3759 a.
892 3715 988 3777 Quesq.
1002 3714 1047 3761 im
1059 3713 1318 3770 m.iuconsuleoe,etc.

250 3815 275 3846 v.
288 3805 336 3859 tq.
346 3807 370 3843 et
382 3794 439 3840 inde
451 3791 546 3839 emend.
561 3791 634 3838 Drak.
646 3790 762 3838 Usitutio-
807 3791 863 3838 vide
872 3792 904 3840 ad
915 3795 967 3851 111,
981 3795 1031 3850 fia,
1048 3809 1074 3842 n.
1092 3794 1116 3842 5.
1136 3793 1201 3840 Mox
1211 3793 1273 3850 [orte
1288 3793 1321 3842 le·

249 3893 275 3924 ra
282 3874 395 3940 jaculari
408 3871 506 3934 aliquid
514 3871 552 3918 vel
567 3885 612 3934 pro
627 3885 720 3933 scopo,
733 3880 762 3917 ut
807 3871 912 3933 gendum
916 3856 1093 3936 firgientssqne
1105 3883 1129 3918 ee
1141 3872 1180 3918 vel
1192 3871 1269 3918 etiarn
1278 3887 1322 3935 per

249 3971 347 4010 corros,
363 3954 454 4000 dextra
467 3967 551 3997 sacras
567 3965 650 4006 arces,
665 3949 703 3995 vel
715 3963 760 4013 pro
800 3961 927 4014 potentem
942 3964 1044 4016 portam
1062 3951 1141 4000 hostes
1161 3962 1318 4014 acceperunt,

248 4035 350 4091 telo,ut
373 4031 452 4095 ignem
467 4026 603 4092 puppibus,
625 4045 638 4072 e
658 4027 760 4074 nubibas
804 4045 859 4076 nrm
875 4041 968 4094 partem
984 4045 1069 4078 eorum
1084 4031 1134 4090 jam
1156 4041 1222 4078 trans
1234 4025 1322 4097 {muros

243 4129 321 4180 panes
336 4111 367 4159 de
384 4107 522 4171 Capitolio,
541 4121 628 4162 omos,
650 4107 688 4153 vel
707 4107 758 4154 sine
802 4121 957 4172 acceperam
974 4112 1084 4157 Gronov.
