2972 4720
185 365 317 468 llil?
396 383 549 449 isaeo
578 381 699 448 xiii.
728 379 833 447 etr.
861 383 989 450 xevt.
1183 407 1228 478 79

159 509 324 591 dixisset,
341 506 389 590 ita
407 502 614 599 disposita²,
635 516 676 572 ut
692 503 856 597 superior
876 499 984 572 fuisse
1003 503 1040 571 in
1056 501 1229 600 discepta-

158 621 260 692 tione
280 615 394 686 videri
412 627 541 711 posset.
566 610 669 708 Apud
688 609 850 681 Rhodios
866 611 973 707 legati
992 610 1228 700 addiderunt,

164 724 354 823 Confidere
371 747 508 820 pacem
520 724 713 811 futuram,-
744 721 951 790 auctoribus
974 728 1069 792 enim
1090 728 1231 794 Marcio

160 855 272 935 atque
284 834 399 906 Atilio
417 839 543 904 missos
564 837 720 902 Romam
736 830 879 926 legatos.
902 835 944 901 Si
955 849 1148 929 pergerent
1159 841 1232 904 Bo·

163 953 268 1018 mani
285 943 543 1042 eonmafoedus
561 965 702 1014 morere
720 942 873 1029 bellum,
892 958 967 1012 tum
984 951 1230 1041 emigrata,

159 1062 265 1132 omni
281 1081 350 1154 ope
367 1055 574 1124 enitendum
578 1055 667 1144 sore
682 1045 852 1136 Rhodiis,
873 1068 914 1122 ut
928 1055 1157 1125 reconcilient
1161 1085 1233 1154 pa-

163 1194 258 1238 cem:
277 1173 312 1238 si
327 1164 422 1236 nitzit
436 1163 664 1261 deprecando
674 1165 891 1261 proficiant,
914 1165 955 1234 id
971 1169 1172 1261 agendum,
1190 1195 1236 1239 ne

164 1283 327 1348 omnium
341 1301 461 1346 rerum
468 1277 534 1369 jus
548 1297 593 1344 uc
601 1291 762 1371 potestas
775 1274 828 1343 ad
839 1301 952 1346 unum
956 1281 1139 1375 populum
1145 1305 1234 1376 per-

166 1394 294 1458 veniat.
318 1390 440 1478 Quum
460 1401 670 1456 eceterorum
692 1384 734 1453 id
751 1390 936 1470 interesse,
962 1401 1036 1456 tum
1050 1395 1235 1484 praecunte

164 1497 407 1581 Rhodiorum,
424 1502 490 1592 qui
495 1494 584 1591 plus
603 1500 696 1564 inter
712 1494 807 1565 alias
823 1501 978 1566 civitates
992 1497 1165 1592 dignitate
1183 1517 1235 1569 at·

164 1634 238 1706 que
247 1606 377 1704 opibus
390 1601 615 1676 excellerem.-
632 1629 717 1701 quoe
727 1631 828 1674 serra
843 1621 953 1702 atque
965 1605 1127 1676 obnoxia
1129 1611 1232 1697 fore,

164 1725 199 1789 si
216 1716 336 1788 nullm
356 1716 429 1786 alio
447 1723 512 1800 sit,
532 1740 645 1812 quem
665 1716 719 1784 ad
733 1721 935 1803 Romanos,
956 1735 1144 1816 respectus.
1163 1723 1234 1789 Ma·

126 1921 135 1930 .
166 1832 221 1925 gis
239 1841 276 1898 et
295 1825 404 1896 literae
422 1841 458 1896 et
475 1825 585 1896 verba
607 1826 805 1922 legatorum
825 1824 981 1922 benigne
997 1841 1081 1898 sunt
1097 1829 1234 1915 audita,

168 1959 280 2035 quam
302 1950 526 2012 momentum
555 1935 600 2006 ad
626 1935 819 2006 mutandos
844 1938 982 2006 animos
1002 1937 1234 2008 habuerunt:

168 2047 353 2146 potentior
368 2068 442 2117 esse
463 2047 573 2142 partis
593 2046 761 2116 melioris·
773 2048 965 2118 auctoritas
979 2063 1147 2144 coeperat.
1165 2053 1236 2120 Re·

168 2183 344 2256 sponsum
363 2182 407 2228 ex
428 2157 574 2227 decreto
594 2170 671 2228 est:
702 2160 838 2254 Optare
854 2183 987 2254 pacem
1006 2158 1176 2229 Rhodios.
1200 2165 1240 2230 Si

170 2266 307 2340 bellum
324 2284 428 2353 esset,
448 2292 494 2338 ne
511 2268 604 2364 quid
618 2267 667 2337 ab
681 2255 833 2338 Rhodia
849 2285 1012 2365 speraret
1025 2286 1092 2338 aut
1100 2286 1239 2366 peteret

169 2404 253 2465 rex,
271 2379 374 2475 quod
385 2393 542 2448 veterem
563 2382 775 2460 (immitium,
795 2377 916 2448 multis
932 2385 1144 2475 magnisque
1164 2403 1236 2448 me-

170 2494 246 2558 ritis
254 2499 349 2585 pace
368 2486 531 2583 belloque
535 2503 707 2584 partam,
728 2487 947 2582 disjungeret
960 2487 1031 2557 sibi
1042 2488 1090 2557 ab
1107 2495 1240 2558 Boma-

170 2605 236 2669 nis.
254 2597 308 2668 Ab
323 2596 454 2668 Rhodo
469 2596 663 2668 redeuntes
676 2599 846 2667 Boeotiael
866 2622 1014 2694 quoque
1030 2599 1188 2668 civitates
1204 2615 1240 2670 et
1296 2627 1299 2634 ·

170 2709 310 2780 Thebas
332 2724 369 2779 et
390 2711 593 2778 Coroneam
617 2723 653 2777 et
672 2707 868 2778 Haliartum
892 2707 1075 2793 adierunt3
1108 2707 1240 2804 quibus

172 2841 381 2916 expressum
401 2805 545 2886 invitisl
560 2816 843 2904 existimabatur,
857 2832 917 2902 ut,
931 2818 1053 2888 relicta
1071 2821 1167 2913 regia
1182 2845 1236 2889 so·

173 2929 322 3011 cietate‚
343 2927 514 2996 Romanis
536 2925 829 3023 adjungerentur.
855 2926 1017 2998 Thebani
1041 2926 1128 2995 nihil
1152 2931 1240 2998 moti

173 3050 278 3124 sunt,
300 3058 506 3132 quanquam
529 3035 716 3118 nonnihil,
740 3051 776 3105 et
799 3036 976 3105 damnatis
997 3036 1240 3132 principibus,

171 3255 235 3331 'quid
252 3275 396 3329 corruptum
415 3280 483 3323 esse,
499 3264 539 3312 vel
556 3263 688 3321 excidisse,
732 3263 786 3327 lyb.
798 3263 847 3316 iau
860 3265 943 3314 πλιῖον
955 3261 1033 3318 ἀίιὶῑς
1046 3261 1118 3310 Crev.
1133 3289 1167 3300 -
1183 3265 1243 3326 Quae

173 3345 275 3410 putabat
291 3347 362 3394 Crev.
732 3350 801 3382 serra
811 3345 886 3398 atque
894 3333 1003 3381 obnoxia
1012 3333 1021 3396 (
1030 3332 1087 3380 vide
1096 3333 1127 3380 ad
1137 3336 1243 3398 111,‘39‚

211 3441 236 3472 a.
249 3425 309 3486 Quor
319 3423 434 3478 astitisset,
451 3435 553 3485 qua-que
568 3420 686 3476 dixisset,
733 3431 756 3462 n.
772 3414 804 3479 1)
806 3414 882 3479 firm
896 3414 958 3460 sorte
973 3413 1019 3475 leg.
1032 3429 1094 3474 quas
1107 3429 1186 3461 servas
1207 3428 1244 3463 at·
1350 3410 1354 3418 ’

175 3503 213 3550 ita
224 3501 358 3566 disposita;
370 3500 459 3564 Polyb.
472 3511 553 3548 tamen
562 3501 687 3552 κατέτατ.
733 3511 780 3557 que
792 3493 995 3558 obnoxiasstrre,
1007 3492 1030 3540 si
1041 3494 1121 3541 asellus
1134 3495 1184 3541 alio
1195 3495 1242 3551 sit,

174 3581 216 3632 atr
232 3582 264 3640 ιίς
279 3582 322 3636 τὴν
342 3579 492 3641 ἐπιστολὴν,
507 3581 617 3627 Gronov.
627 3581 689 3641 Quae
733 3589 808 3636 quam
829 3573 865 3620 act
880 3575 1018 3628 Romanos,
1039 3585 1157 3635 respectus
1164 3592 1174 3629 ;
1189 3573 1245 3621 vide
1293 3587 1296 3592 ·

175 3663 261 3710 Graeca
287 3675 338 3707 non
358 3660 420 3706 hene
444 3657 578 3706 reddidisse
594 3657 689 3706 videtur
733 3652 850 3710 adxxt,
864 3659 912 3712 tt,
925 3668 949 3698 u.
963 3653 987 3698 6.

174 3741 265 3790 Livius.
279 3737 403 3786 Vertenda
424 3748 498 3785 suut:
513 3738 628 3801 exposuit
647 3753 690 3784 seu
768 3730 793 3787 ’4.
815 3731 855 3778 At
877 3729 971 3778 Rlsodo*
985 3729 1109 3778 redeuntes
1129 3733 1243 3788 Boeotioe,
1272 3725 1277 3738 ’

174 3821 273 3884 scripsit
291 3819 316 3865 in
335 3819 447 3882 epistola.
467 3843 502 3852 -
519 3817 547 3862 Si
560 3827 690 3881 pergerent
734 3823 781 3858 ete.
801 3811 885 3858 confer
907 3809 995 3874 Polyb.
1021 3812 1136 3872 Excerpt.
1162 3815 1244 3874 Legat.

175 3897 418 3962 Romanie.foedus,
432 3908 479 3944 ete.
489 3895 520 3942 el.
531 3894 619 3959 Polyb.
628 3895 644 3943 l.
653 3895 670 3942 l.
735 3891 849 3949 xxvtt,
868 3891 899 3948 5,
917 3892 959 3952 qui
980 3900 1060 3937 tamen
1081 3891 1246 3952 Antigonum,

213 3978 237 4025 3.
251 3975 298 4038 Qui
304 3977 361 4039 plus
373 3975 437 4023 inter
446 3973 511 4022 alias
528 3973 635 4020 civitates
656 3972 691 4021 di·
735 3987 787 4018 non
800 3985 858 4017 vero
874 3969 972 4017 eosdem
985 3970 1102 4032 legatosa
1118 3971 1205 4017 Perseo
1220 3971 1246 4016 in

172 4054 273 4120 gnitate
293 4069 318 4100 a.
337 4069 360 4100 o.
381 4053 518 4108 excellant,
543 4053 618 4099 immo
643 4067 691 4115 quo
736 4049 855 4097 Boeotiam
867 4049 952 4096 missos
965 4047 1046 4095 tradit.

172 4137 249 4200 plus,
270 4149 302 4181 ne
316 4133 344 4183 rb
356 4135 411 4196 plus
428 4143 509 4191 vacet,
526 4143 549 4178 et
571 4133 626 4193 quia
648 4135 693 4179 Po-
774 4131 797 4177 5.
808 4131 955 4193 Expressum
975 4127 1071 4183 inritis,·
1085 4129 1141 4176 vide
1159 4128 1189 4176 ad
1203 4132 1249 4190 lv,
