2984 4706
239 327 304 412 184
653 329 861 396 T.L1V11
897 323 900 330 ’
1151 309 1271 410 3:332:

231 449 455 546 possessione
481 446 559 536 nii,
585 447 754 517 excitavit
775 446 939 536 hostem,
969 460 1011 517 ut
1031 470 1130 518 nunc
1150 447 1295 519 tandem

232 558 398 647 sentiret,
424 556 671 653 recuperanda
697 581 797 647 esse,
824 577 904 656 quae
924 557 1024 655 prins
1046 555 1151 653 culpa
1171 559 1297 628 amissa

231 668 360 740 forent.
388 666 520 738 Audita
540 657 640 738 ¹enirn
663 665 888 765 profectione
913 667 1087 760 consulis,
1114 692 1297 765 regressus

231 781 361 866 Dium,
384 802 464 874 quae
481 775 629 872 disjecta
645 802 686 848 ac
705 793 839 848 vastata
856 777 902 850 ah
920 778 1090 874 Romanis
1106 788 1229 865 erant,
1245 803 1297 848 re-

232 889 306 959 ficit
320 914 328 958 :
344 888 473 985 pinnas
485 888 662 958 moenium
674 885 840 958 decussas
850 890 1010 985 reponit,
1024 886 1070 958 ab
1083 889 1185 958 omni
1197 902 1299 985 parte

232 1021 357 1068 muros
368 995 505 1072 firmat:
519 995 650 1068 deinde
665 998 827 1093 quinque
838 997 950 1068 millia
962 1013 1133 1095 passuum
1147 997 1193 1070 ab
1206 997 1299 1069 urbe

232 1109 319 1178 citra
329 1109 442 1205 ripam
457 1103 605 1205 Enipei³
620 1108 733 1178 amnis
746 1123 859 1178 castra
872 1109 992 1205 ponit,
1005 1134 1149 1182 amnem
1161 1111 1299 1206 ipsum,

232 1221 384 1294 transitu
395 1215 643 1316 perdifficilem
654 1271 663 1303 ,
674 1241 741 1315 pro
753 1219 979 1294 munimento
992 1218 1193 1289 habiturus.
1205 1218 1301 1289 Fluit

232 1355 275 1400 ex
304 1329 394 1404 valle
426 1328 572 1426 Olympi
600 1327 757 1414 montis,
787 1342 906 1399 aestate
935 1329 1107 1426 exiguus,
1137 1327 1302 1398 hibernis

232 1440 328 1511 idem
345 1442 512 1513 incitatus
531 1437 679 1535 pluviis;
697 1451 733 1506 et
751 1462 860 1535 supra
877 1463 986 1536 rupes
1005 1439 1167 1536 ingentes
1187 1437 1303 1534 gurgi-

233 1551 331 1622 tibus
346 1549 504 1636 faeit,'et
520 1548 613 1618 intra
627 1563 821 1646 prorupta,
840 1549 877 1618 in
896 1535 994 1620 mare
1014 1546 1215 1620 evolvendo
1231 1562 1303 1618 ter-

231 1686 327 1748 ram,
348 1661 509 1759 praealtas
529 1660 718 1756 voragines
739 1673 936 1758 cavatoque
954 1657 1074 1730 medio
1089 1658 1189 1729 alveo
1203 1659 1303 1756 ripas

232 1773 415 1868 utrimque
428 1771 640 1869 praecipites.
657 1775 735 1840 Hoc
749 1768 897 1840 llumine
914 1773 1063 1848 Perseus
1077 1784 1220 1867 septum
1233 1773 1304 1840 iter

233 1882 369 1953 hostisl
385 1879 553 1978 credens,
566 1878 751 1950 extrahere
765 1880 945 1977 reliquum
959 1896 1100 1978 tempus
1114 1880 1191 1973 ejus
1205 1894 1301 1950 aesta-

233 1993 278 2062 tis
305 1993 343 2066 in
368 1983 489 2061 aniino
514 1988 680 2060 habebat.
704 1994 804 2061 lnter
828 1990 902 2060 haec
927 1991 1054 2062 consul
1076 1989 1214 2062 aPhila
1231 1994 1303 2060 Po·
1396 2031 1399 2040 ·

234 2100 375 2198 pillium
397 2124 480 2172 cum
503 2097 647 2173 duobus
671 2099 826 2171 millibus
845 2116 1065 2172 armatorum
1087 2100 1303 2172 Heracleum

236 2210 355 2282 mittit.
381 2208 493 2282 Abest
514 2234 535 2279 a
557 2209 655 2281 Phila
673 2212 837 2308 quinque
852 2212 962 2282 millia
979 2211 1092 2284 ferme
1109 2236 1302 2311 passuum,

234 2319 353 2391 media
372 2320 519 2416 regione
540 2319 638 2416 ⁴inter
663 2321 771 2390 Dium
791 2327 1017 2422 Tempeque,
1038 2323 1076 2392 in
1095 2347 1186 2419 rupe
1204 2322 1303 2392 amni

234 2423 470 2507 imminente⁵
488 2430 657 2525 positum,
904 2509 906 2512 ,

276 2544 337 2610 ΙΧ.
360 2537 552 2636 Popillius,
571 2541 672 2636 prius
694 2567 802 2640 quam
827 2558 981 2620 armatos
1000 2546 1113 2617 muris
1134 2545 1303 2615 admove-

234 2665 310 2738 ret,
331 2649 446 2736 misit,
475 2651 538 2748 qni
565 2653 829 2748 magistratibus
855 2654 1153 2754 principibusque
1175 2654 1302 2726 suade-

234 2775 337 2850 rent,
356 2757 466 2838 fidem
485 2758 785 2860 clementiamque
803 2763 1065 2853 Romanorum,
1085 2790 1195 2863 quam
1213 2765 1302 2852 virn,

139 2955 141 2960 ,
187 2978 191 2986 ’
237 2964 494 3023 ae;vid.111,62,n.
509 2965 709 3026 a,etV1‚1,n.
723 2974 746 3022 4.
788 2963 1303 3032 gitessaeic,et(quam)infra(se.rupes),

273 3046 300 3094 3,
313 3043 380 3091 Citra
391 3043 469 3108 ripam
481 3043 570 3106 Enipei
576 3043 655 3093 amnis
666 3045 748 3092 Mace·
787 3055 919 3107 prorutam
938 3044 963 3091 in
978 3061 1046 3092 mare
1061 3046 1188 3094 evolvendo
1199 3059 1302 3105 terram,

238 3122 336 3181 deniae,
360 3122 402 3184 qui
420 3121 483 3188 fluit
508 3138 541 3168 err
563 3123 629 3170 valle
654 3124 750 3188 Olympi
787 3123 907 3188 praealtas
924 3124 1055 3190 voragines
1070 3125 1189 3192 (repete,
1198 3126 1303 3192 facit),
1356 3119 1358 3126 ’

238 3200 398 3256 montis‚neo
409 3199 482 3264 longe
490 3200 553 3247 infra
563 3201 638 3251 Dium
648 3203 674 3249 in
683 3219 748 3252 mare
793 3213 839 3251 ete.
865 3203 979 3263 Scilicet,
1001 3220 1063 3268 aqua
1081 3222 1153 3269 supra
1172 3223 1246 3256 unam
1265 3208 1305 3255 vel

237 3280 297 3332 exit.
312 3278 383 3326 Alius
399 3278 506 3341 Enipeus
518 3279 648 3328 Thessaliae
665 3280 690 3328 fl.
705 3282 749 3344 qui
792 3281 873 3346 plures
884 3298 956 3346 rupes
971 3285 1061 3347 passim
1071 3285 1098 3330 in
1110 3284 1217 3332 fluminis
1234 3285 1304 3334 alveo

237 3357 380 3408 Pharsalum
390 3355 567 3428 praeterlabitur
578 3370 603 3406 et
615 3361 643 3406 in
653 3359 747 3425 Apida—
792 3360 914 3426 projectas
929 3377 985 3408 eum
994 3363 1086 3426 impetu
1095 3363 1170 3424 illisa,
1184 3365 1304 3414 excitabat

237 3453 296 3486 num
307 3433 397 3485 infinit.
407 3435 471 3486 Mox
479 3451 533 3490 eum
544 3438 654 3493 Gronov.
664 3438 712 3502 leg.
725 3450 750 3486 et
793 3439 904 3502 ingentes
925 3429 1045 3505 gurgites3
1058 3444 1121 3491 infra
1140 3461 1212 3511 rupes
1228 3462 1303 3505 vero,

236 3533 312 3579 snpra
324 3528 408 3578 rupem
426 3514 532 3578 ingentes
545 3517 653 3585 gurgites
664 3518 748 3583 facit,
779 3529 857 3566 'terra
867 3519 966 3578 dejectis
975 3523 1045 3585 aquis
1054 3534 1133 3584 emta,
1143 3523 1303 3593 fiebantprae·

237 3606 261 3642 et
274 3593 341 3656 infra
350 3603 480 3656 prorutam
496 3593 521 3640 in
536 3611 604 3642 mere
621 3597 749 3644 evolvendo
794 3596 849 3645 altae
859 3599 992 3662 voragines.
1002 3603 1046 3658 En.

239 3686 343 3729 terram,
359 3681 406 3720 ete.
423 3699 458 3708 -
475 3672 516 3719 Ad
527 3671 591 3728 hane
603 3675 752 3740 aptissimam
832 3684 855 3731 4.
869 3671 966 3740 Septem
979 3678 1025 3727 iter
1042 3671 1116 3728 itastis
1120 3717 1132 3742 4
1146 3683 1208 3730 sorte
1226 3683 1290 3731 hosti
1294 3703 1304 3740 ,-

238 3751 360 3800 Gronovii
384 3750 579 3802 emendationem
606 3764 685 3802 totum
711 3755 751 3803 lo·
796 3754 867 3804 Crev.
878 3755 1015 3821 Utrumque
1026 3759 1089 3807 bene
1099 3760 1304 3811 dieitur-Ee-

230 3839 294 3878 'eum
316 3830 463 3894 Doeringins
481 3831 598 3896 distingui
624 3835 677 3882 vult
699 3833 767 3882 itat‘
796 3831 1140 3902 traherereliqunmternpus;
1153 3841 1209 3890 vide
1222 3841 1303 3896 ale,

238 3909 304 3954 Fluit
315 3924 347 3954 ear
360 3909 429 3956 valle
441 3911 539 3973 Olympi
549 3910 653 3971 montis,
667 3925 752 3960 astate
798 3915 845 3970 43,
859 3931 884 3962 n.
895 3915 919 3962 6.

235 3987 353 4050 exiguam
366 3985 472 4034 hibernis
489 3987 553 4036 idem
567 3990 682 4039 incitatus
696 3991 750 4055 plu·
831 3993 855 4039 5.
866 3994 942 4041 Arnni
952 3994 1107 4062 imrntneme,
1115 3998 1157 4061 qui
1172 3998 1235 4047 sorte
1246 3999 1303 4068 Api-

235 4064 276 4119 niis
287 4077 311 4112 et
323 4063 393 4130 (tarn)
405 4081 480 4129 supra
491 4083 560 4132 rupes
576 4069 681 4133 ingentes
679 4087 747 4136 gur·
793 4073 828 4126 las
839 4073 930 4130 dicitur
939 4075 1002 4123 Plin.
1013 4076 1057 4132 tv,
1071 4091 1109 4131 to.
1212 4115 1213 4118 η
