2984 4706
214 351 339 456 llll}
416 372 566 438 staua
597 369 730 435 xarv.
761 372 867 435 cae.
895 371 1013 436 xcii.
1181 371 1249 442 253

187 501 327 594 integer
344 523 464 595 pugna
481 497 639 566 excessit.
659 498 827 591 Pnnceps
846 493 938 591 fugae
960 521 1022 566 rex
1041 500 1138 593 ipse¹
1164 516 1249 570 erat.

186 615 263 679 Jam
279 633 299 678 a
313 608 435 704 Pydna
453 629 535 676 cum
555 606 662 676 sacris
679 605 741 674 alis
760 606 923 700 equitum
940 605 1069 675 Pellam
1089 607 1249 704 petebat:

188 717 376 789 confestim
397 743 460 788 eos
479 721 589 812 Cotys
607 713 826 810 sequebatur
843 714 1136 812 Odrysarumque
1154 723 1252 814 equi-

187 844 301 899 tatus..
322 834 464 900 Caetera
488 851 635 924 quoque
661 825 900 896 Macedonum
925 826 987 894 alae
1010 827 1154 923 integris
1175 828 1251 899 abi-

188 937 278 1008 bant
299 937 508 1025 ordinibus3
534 938 618 1032 quia
637 936 821 1030 interjecta
839 935 1001 1033 peditum
1023 938 1131 1025 acies,
1149 941 1253 1034 cujus
1272 971 1277 982 ·

188 1048 302 1118 caedes
318 1049 470 1117 victores
484 1045 676 1128 tenebant,
691 1047 919 1114 immemores
934 1044 1065 1115 fecerat
1079 1048 1252 1142 sequendi

189 1161 337 1253 equites.
360 1158 432 1226 Diu
453 1156 608 1253 phalanx
628 1181 646 1222 a
670 1152 845 1238 sronte,a
868 1150 1059 1238 lateribus,
1082 1153 1127 1223 ab
1150 1169 1252 1252 tergo

189 1291 275 1335 caesa
296 1281 372 1335 est:
392 1279 595 1362 postremo,
616 1265 680 1358 qui
705 1288 748 1333 ex
772 1262 929 1334 hostium
956 1261 1122 1332 manibus
1143 1263 1251 1363 elapsi

189 1391 318 1462 erant,
347 1377 502 1445 inermes
529 1371 573 1443 ad
600 1396 697 1442 mare
724 1370 921 1467 fugientes,
949 1370 1095 1467 quidam
1121 1397 1249 1469 aquam

189 1487 297 1555 etiam
311 1483 458 1580 ingressi
470 1537 480 1568 ,
493 1507 620 1552 manus
634 1481 679 1551 ad
694 1505 772 1566 eos,
788 1481 851 1576 qui
866 1482 903 1548 in
918 1481 1027 1551 classe
1043 1497 1163 1569 erant,
1178 1497 1254 1553 ten-

188 1594 335 1681 dentes,
358 1593 567 1691 suppliciter
588 1593 695 1660 vitam
717 1589 890 1672 orabant;
915 1605 951 1662 et
972 1615 1084 1685 quum
1106 1593 1254 1690 scaphas
1309 1625 1314 1631 ·

189 1729 404 1776 concurrere
427 1702 589 1798 undique
609 1699 655 1770 ab
681 1699 834 1773 natibus
853 1715 1064 1787 cernerent,
1090 1701 1134 1771 ad
1157 1706 1252 1774 exci-

189 1815 340 1912 piendos
362 1838 437 1884 sese
462 1813 584 1882 venire
608 1812 698 1897 rati,
724 1825 765 1880 ut
791 1825 960 1908 caperent
978 1813 1120 1908 potius,
1144 1837 1252 1908 quam

190 1924 412 2009 occiderent,
427 1922 567 2018 longius
581 1916 781 2017 inaquam,
792 1919 939 2015 quidam
951 1921 1057 1990 etiarn
1073 1936 1252 2006 natantes,

189 2034 368 2130 progressi
382 2045 475 2101 sunt.
491 2029 559 2101 Sed
574 2054 687 2127 quum
702 2029 880 2100 hostiliter
895 2055 914 2100 e
929 2029 1068 2127 scaphis
1083 2032 1255 2103 caederen-

190 2156 260 2227 tur,
275 2154 393 2225 retro,
409 2141 473 2235 qui
487 2153 673 2236 poterant,
687 2139 808 2209 nando
823 2153 1029 2235 repetentes
1048 2154 1201 2231 terram,
1217 2147 1252 2213 in

144 2303 147 2310 κ
189 2251 294 2322 aliam
310 2249 497 2322 foediorem
513 2260 676 2347 pestem²
695 2247 925 2320 incidebant:
944 2249 1123 2347 elephanti
1138 2256 1251 2340 enim,

190 2361 236 2432 ab
252 2360 449 2432 rectoribus
464 2359 507 2430 ad
524 2359 608 2430 litus
622 2361 709 2442 acti,
727 2375 898 2430 exeuntes
916 2359 1132 2432 obterebant
1146 2363 1254 2434 elide·
1327 2433 1328 2436 ,

189 2471 361 2568 bantquc.
381 2469 494 2540 Facile
512 2468 767 2555 conveniebat,
785 2471 955 2540 Romanis
973 2495 1161 2567 nunquam
1182 2498 1254 2544 una

190 2581 264 2650 acie
280 2595 419 2651 tantum
443 2579 680 2650 Macedonum
699 2578 929 2650 intersectum
941 2576 967 2649 ³.
987 2585 1084 2651 Caesa
1100 2584 1194 2652 enim
1211 2583 1254 2652 ad

190 2691 314 2786 viginti
331 2689 441 2760 millia
458 2690 645 2759 hominum
665 2704 773 2758 sunt:
796 2687 840 2757 ad
858 2693 918 2757 sex
936 2687 1067 2774 millia,
1087 2691 1151 2785 qui
1166 2690 1253 2786 Pyd-

191 2825 274 2870 nam
290 2826 334 2870 ex
348 2802 421 2870 acie
440 2798 688 2896 perfugerant,
704 2799 777 2866 vivi
793 2799 831 2866 in
847 2811 1062 2894 potestatem
1077 2823 1252 2894 pervene-

190 2926 295 2996 runt3
318 2925 354 2980 et
373 2911 451 3006 vagi
473 2934 492 2979 e
511 2907 594 3006 fuga
610 2909 773 3004 quinque
794 2906 905 2975 millia
928 2906 1116 2976 hominnm
1136 2923 1249 3004 capta.

190 3154 244 3205 sup.
252 3155 305 3202 cap.
318 3145 350 3193 to
358 3137 429 3185 simul
436 3147 610 3192 memorantium
626 3133 699 3182 Dralr.
743 3133 810 3196 pite:
820 3133 928 3196 peditum
939 3135 1032 3197 partim
1053 3135 1130 3182 cades
1136 3136 1253 3203 fiebant,-

226 3218 286 3266 Car.
301 3219 378 3266 XLII.
396 3232 417 3264 1.
437 3214 550 3277 Princeps
563 3213 636 3278 fuget
653 3229 699 3260 rex
744 3214 779 3270 H,
795 3213 844 3268 64,
855 3212 941 3260 Sabini
951 3229 1024 3276 quum
1042 3214 1120 3262 coedes
1134 3228 1159 3262 et
1172 3216 1253 3264 incen-

190 3296 240 3360 r‘pse
252 3308 318 3353 erut,
329 3307 375 3351 etc.
385 3297 451 3358 conl.
461 3293 548 3358 Polyb.
558 3295 659 3346 XXIX,
672 3294 697 3350 6,
726 3290 785 3362 'dia
805 3290 871 3336 circu
890 3290 1008 3338 Anienem
1025 3292 1117 3355 flumen
1125 3292 1252 3356 fecissent,

190 3375 292 3438 §13³sp
305 3401 340 3412 -—
350 3374 430 3422 Sacris
442 3373 489 3421 alis
503 3372 609 3436 equinam
616 3389 627 3428 ;
641 3371 697 3419 vide
741 3369 800 3418 Vid.
810 3369 884 3418 Diels.
896 3369 928 3416 ad
939 3371 1038 3418 XXVII
1045 3405 1052 3429 ,
1070 3375 1112 3429 18,
1125 3373 1141 3436 S
1155 3389 1193 3436 19.
1204 3377 1250 3423 En.

189 3455 221 3502 ad
232 3455 374 3513 XXXVII,
386 3462 432 3509 to,
445 3469 470 3500 u.
483 3454 507 3501 6.
522 3479 557 3488 -
568 3449 696 3516 Confestim
776 3465 802 3497 a.
813 3451 843 3495 In
854 3447 1065 3513 aliamsoediorem
1073 3463 1166 3514 pestem
1176 3471 1185 3508 ‚-
1196 3455 1252 3501 vitle

190 3531 697 3595 eosCotys(excmeud.Jac.Gtou.rece
740 3527 771 3574 ad
785 3531 825 3584 ΙΙ,
841 3535 929 3584 tt‚n·
946 3528 969 3576 5.
1303 3524 1308 3538 ‘

189 3611 276 3674 pipro
292 3609 416 3674 cortsmtirn
435 3608 567 3670 Costoeus)
580 3609 696 3671 sequeba—
776 3608 800 3653 3.
812 3606 894 3653 Facile
903 3605 1072 3662 conveniebat,
1087 3609 1251 3657 allomeris...

189 3701 228 3736 tur
240 3689 435 3751 Odrysarumque
445 3704 466 3735 e.
476 3705 579 3750 quorum
594 3704 637 3734 rex
650 3688 696 3734 tuit
741 3683 909 3750 intersectum:
921 3685 982 3731 male
993 3685 1068 3747 vulgo
1080 3685 1251 3749 distinguitur:

189 3769 281 3830 Cotyn
299 3765 356 3812 vide
373 3766 404 3812 ad
422 3767 504 3827 XLII,
516 3781 550 3826 ²9
568 3776 592 3813 et
608 3766 650 3812 51.
663 3792 697 3802 -
734 3763 761 3828 f.
784 3761 940 3810 conveniebat
960 3761 1089 3819 Romanis,
1109 3780 1249 3827 nunquam,

191 3845 265 3910 Cujus
273 3844 351 3892 cades
359 3844 465 3892 victores
476 3844 603 3898 tenebant,
616 3844 697 3890 multae
741 3856 787 3891 etc.
798 3841 872 3892 Dralt.
885 3841 957 3892 Cous.
975 3841 1007 3887 ad
1018 3844 1045 3896 I,
1058 3843 1128 3898 3,-n.
1141 3852 1172 3899 s,
1186 3847 1250 3902 etv,

189 3925 245 3972 edtl.
259 3924 391 3986 putemus
404 3922 514 3977 tenebat,
530 3922 613 3970 invitis
624 3922 697 3970 codd.
746 3939 789 3978 ra,
800 3939 826 3969 n.
843 3922 868 3969 5.
884 3924 956 3968 Forte
970 3920 1016 3982 leg.
1021 3920 1102 3983 fiscile
1114 3924 1248 3971 conveniat.

189 4007 247 4052 Vox
258 4003 336 4051 cades
348 4003 374 4050 in
387 4001 475 4064 plurali
486 4017 538 4050 nou
549 4001 623 4048 semel
633 4001 699 4067 apud
743 4027 777 4038 —
795 4001 863 4048 Caesn
877 3997 952 4054 enirn,
974 4008 1021 4044 etc.
1039 4013 1164 4048 nummum
1180 4014 1252 4065 auget

188 4086 306 4133 Nostrum
322 4092 430 4146 apparet.
445 4081 520 4128 Paulo
532 4091 588 4128 ante
601 4079 649 4127 boc
660 4095 700 4126 ca·
744 4080 807 4127 Plut.
819 4078 899 4126 AEmil.
912 4093 968 4140 pag.
980 4076 1040 4123 266.
