2982 4702
248 351 315 446 176
669 350 708 414 T.
742 348 881 416 LIVIl
1161 331 1287 430 ζζξζξξζζ

243 483 304 538 tur
320 489 406 550 reu,
429 476 465 532 et
485 459 531 531 ab
555 458 747 530 duodecim
772 454 959 528 millibus⁶
981 483 1098 556 prope
1118 459 1316 532 clamorem

244 593 281 648 et
305 575 497 672 strepitum
522 571 764 669 pugnantium
789 568 951 656 audiret,
978 593 1046 640 nec
1067 571 1167 641 auxit
1192 574 1316 670 copias

244 689 403 782 integros
423 681 524 754 fessis
542 677 812 766 submittendo,
832 703 952 775 neque
971 681 1065 776 ipse,
1086 681 1186 777 quod
1203 683 1317 778 pluri-

243 821 345 868 mum
364 796 553 879 intererat,
572 789 759 862 certamini
778 785 881 858 affuit
898 815 905 858 :
923 813 1038 885 quum
1060 814 1233 861 romanus
1248 792 1316 860 im-

244 919 402 1006 perator,
414 903 531 997 major
544 901 727 998 sexaginta
741 896 868 968 annis⁷
883 911 919 968 et
935 901 1126 997 praegravis
1139 924 1312 997 corpore,

245 1017 369 1088 omnia
385 1013 553 1084 militaria
577 1035 726 1083 munera
743 1010 820 1106 ipse
843 1009 994 1106 impigre
1013 1008 1143 1080 obiret.
1162 1011 1313 1106 Egregie

244 1127 290 1198 ad
311 1125 478 1198 ultimum
500 1126 539 1192 in
563 1121 732 1193 audacter
755 1119 946 1192 commisso
969 1119 1231 1214 perseveravit;
1253 1136 1311 1207 et,

244 1237 398 1335 Popillio
415 1235 542 1306 relicto
561 1234 598 1304 in
618 1229 780 1302 custodia
795 1227 893 1325 jugi,
911 1253 977 1326 per
999 1229 1094 1298 invia
1111 1243 1312 1326 transgres-

245 1371 327 1433 sus,
352 1343 565 1443 praemissis,
599 1341 664 1437 qui
694 1351 932 1436 repurgarent
961 1334 1066 1427 iter⁸,
1094 1338 1254 1410 Attalum
1276 1354 1312 1412 et

245 1458 484 1552 Misagenem,
503 1475 588 1526 curn
609 1474 680 1522 suae
698 1449 814 1545 gentis
838 1463 1035 1544 utrumque
1055 1448 1311 1536 auxiliaribus,

245 1565 411 1664 praesidio
431 1587 509 1634 esse
531 1561 662 1632 saltum
683 1557 926 1656 aperientibus
943 1559 1059 1655 jubet.
1083 1563 1184 1657 Ipse,
1207 1563 1310 1657 eqni-

246 1694 299 1750 tes
319 1674 650 1773 impedimentaque
671 1695 744 1768 prae
764 1694 802 1740 se
822 1669 981 1756 habens,
1004 1695 1087 1742 cum
1109 1671 1313 1768 legionibus

245 1812 373 1886 agmen
393 1785 499 1880 cogit.
940 1810 942 1814 ·

243 1891 247 1899 ’
293 1901 336 1967 V.
364 1890 620 1965 Inenarrahilis
644 1888 749 1961 labor
772 1887 1075 1964 descendentibus
1101 1913 1183 1960 cum
1206 1893 1312 1962 ruina

185 2063 187 2066 .
242 2009 491 2102 jumentorum
510 2000 815 2096 sarcinarumque.
834 2001 1033 2097 Progressis
1055 1999 1202 2070 vixdum
1220 2027 1312 2097 qua·

245 2131 337 2187 tuor·
350 2111 461 2183 millia
481 2133 651 2209 passuum
678 2109 767 2180 nihil
793 2111 986 2209 optabilius
1003 2123 1100 2197 esse,
1123 2101 1233 2206 quam
1251 2137 1312 2182 re·

246 2225 345 2308 dire,
374 2246 446 2318 qua
471 2232 682 2307 venerant1,
704 2222 734 2290 si
752 2237 910 2319 possent.
930 2221 1102 2292 Hostilem
1120 2239 1310 2318 propetu-

246 2334 399 2405 multum
429 2330 563 2427 agmini
592 2329 775 2428 elephanti
802 2329 1033 2430 praebebant3
1058 2332 1144 2428 qui,
1171 2330 1235 2402 ubi
1262 2333 1310 2402 ad

245 2445 339 2516 invia
369 2453 562 2524 venerant,
592 2440 739 2535 dejectis
763 2442 989 2529 rectoribus,
1014 2466 1097 2513 cum
1123 2441 1310 2513 horrendo

280 2669 305 2716 6.
320 2665 359 2712 At
371 2662 499 2710 duodecim
511 2661 616 2710 millibus
626 2679 754 2728 passuum,
798 2663 999 2712 collocandorum
1010 2681 1129 2721 asserum,
1139 2665 1183 2726 qui
1191 2681 1204 2712 a
1213 2680 1309 2712 summo

245 2750 270 2798 h.
288 2764 310 2794 e.
322 2754 361 2790 tot
376 2741 481 2790 nullium
496 2739 624 2788 intervallo
637 2741 668 2788 ab
678 2742 754 2788 hosti-
798 2745 825 2792 ln
834 2745 910 2791 imum
923 2745 1011 2793 sensim
1026 2744 1161 2802 deferrent3
1174 2746 1258 2791 Bauer.
1269 2744 1308 2792 CI.

244 2829 299 2876 bus.
315 2821 389 2872 conf.
405 2818 437 2868 ad
452 2820 605 2878 XXXVIII,
617 2834 664 2878 uo,
679 2837 707 2868 n.
722 2837 754 2880 a,
798 2824 830 2871 ad
845 2826 872 2880 1,
887 2825 919 2871 3⁸
930 2857 938 2883 ,
951 2840 976 2871 n.
995 2825 1018 2870 6,
1029 2849 1063 2858 -
1077 2823 1118 2871 Ad
1131 2823 1156 2870 b.
1174 2823 1191 2870 1.
1210 2824 1307 2872 Crever.

245 2919 269 2955 et
280 2903 366 2959 XLII,
377 2901 409 2948 58
421 2915 460 2964 pr.
798 2913 856 2950 nota
875 2913 911 2950 est
922 2917 928 2950 :
940 2903 1018 2966 Longi
1031 2903 1081 2950 duo
1098 2918 1187 2950 asseres
1202 2904 1267 2949 inter
1282 2918 1308 2948 se

280 3002 304 3046 7,
320 2983 443 3028 Romanus
459 2977 592 3041 inperator
610 2975 691 3040 major
710 2978 758 3024 LX
798 2981 893 3030 adversi
913 2982 1009 3030 modica
1032 2981 1190 3028 inclinatione
1210 2981 1307 3028 demissi

245 3063 332 3118 anuis,
355 3059 426 3108 etei
444 3051 474 3107 di
492 3061 588 3125 πρῶτος
611 3053 693 3124 ἐξῆρχε
712 3061 753 3106 τοῦ
798 3061 932 3110 secundum
944 3063 1092 3125 superiorem
1103 3061 1249 3124 partemin
1258 3071 1307 3106 ter-

243 3144 333 3202 πόνου,
347 3137 517 3200 lincolnscire<
530 3133 562 3186 bv
577 3135 619 3187 recl
636 3135 709 3202 βαρὺς
724 3136 753 3187 τὸ
798 3156 824 3187 ra
849 3155 880 3188 ex
903 3141 1017 3190 interiore
1036 3149 1106 3204 parte
1131 3137 1306 3202 deligebantur.

244 3230 319 3291 σῶμα
339 3216 381 3270 καὶ
401 3217 522 3285 πιμελὴς,
534 3215 641 3278 Applfln·
656 3216 752 3278 Maced,
797 3220 845 3268 Hic
855 3220 985 3286 fastigium
1008 3219 1195 3282 intelligendum
1215 3218 1304 3274 clivus,

187 3300 191 3310 ¹
246 3296 455 3362 rn;apurl·Suid.
470 3311 524 3342 voe.
539 3293 753 3362 simale-110·
796 3312 924 3365 propterea
942 3299 1025 3363 quod,
1047 3299 1066 3346 si
1088 3297 1149 3361 quid
1172 3300 1198 3344 in
1216 3298 1307 3345 clivum

244 3381 300 3430 licto
320 3377 345 3424 in
356 3373 466 3420 custodia
476 3373 547 3437 jugi,
562 3373 624 3420 sorte
640 3373 665 3422 1⁸²1
678 3386 753 3420 cust&
798 3381 918 3428 devexum
945 3390 995 3436 est,
1016 3378 1082 3425 idem
1097 3390 1124 3425 et
1140 3379 1167 3424 in
1184 3377 1306 3441 fastigium

244 3452 389 3522 diamjugr',
402 3452 427 3499 h·
441 3468 461 3498 e·
472 3463 499 3498 ut
506 3453 592 3516 jugum
602 3453 753 3513 custodiret,
797 3460 921 3507 contrario
936 3475 1009 3506 sensu
1023 3459 1125 3520 assurgit
1136 3474 1143 3515 ;
1156 3457 1239 3506 eudem
1256 3457 1306 3505 lere

243 3553 271 3590 ut
282 3539 303 3586 ei
313 3530 428 3600 praesidio
441 3541 503 3578 esset
512 3547 519 3587 ;
529 3531 603 3578 Drak.
797 3538 904 3595 ratione,
915 3554 961 3600 qua
973 3537 1050 3584 altum
1060 3534 1239 3601 etprofinrdum
1249 3553 1306 3600 pro·

280 3621 305 3667 8.
320 3610 368 3676 Qui
389 3621 548 3674 repurgarent
572 3609 624 3665 iter,
643 3621 671 3656 ut
694 3625 754 3658 mox
798 3619 889 3664 misene
901 3628 1057 3680 usurpantur.
1070 3618 1157 3676 Itaque
1167 3616 1203 3664 itti
1217 3632 1306 3664 asseres

243 3701 332 3748 saltum
351 3687 454 3754 aperire.
471 3714 507 3724 -
520 3691 575 3735 Proe
596 3679 751 3751 sestabeus,
796 3687 948 3752 intelligendi
964 3699 1022 3734 sunt
1035 3688 1150 3748 triquetra
1165 3687 1215 3735 fere
1228 3687 1305 3735 forma

244 3773 385 3844 praenotus
397 3793 431 3804 --
443 3769 539 3832 Agmeu
558 3767 639 3832 rogim
653 3767 709 3814 vide
722 3768 752 3814 ad
797 3766 884 3825 fuisse,
899 3767 931 3814 ita
949 3779 976 3814 ut
988 3785 1001 3815 e
1014 3765 1093 3814 tribus
1104 3767 1219 3815 lateribus
1229 3783 1306 3814 unum

243 3857 357 3909 XXXII,
372 3867 386 3896 n
396 3883 403 3906 ,
415 3865 440 3897 n.
453 3855 478 3902 l.
659 3899 662 3912 .
796 3861 840 3908 per
850 3847 959 3910 proclive
968 3849 1134 3910 perngeretur
1144 3857 1168 3894 et
1179 3844 1306 3894 aeclinare

238 3967 240 3971 ,
277 3932 378 3985 CunV.
397 3945 419 3975 1.
433 3927 532 3984 Redire,
546 3944 595 3991 qua
614 3938 752 3982 venerunt,⁰
796 3927 979 3974 turseeundum
991 3938 1113 3984 montem
1129 3926 1239 3982 alterum,
1252 3926 1305 3974 scil.

242 4015 299 4062 vide
313 4011 343 4058 ud
354 4010 396 4065 X,
411 4022 438 4052 12
450 4039 458 4062 ‚
468 4023 494 4052 n.
512 4022 535 4056 2.
545 4033 579 4044 -
591 4009 638 4052 Per
644 4005 752 4069 proclive
796 4007 920 4069 superius,
933 4006 1028 4055 modies
1047 4005 1188 4054 inclinatum
1206 4015 1268 4052 esset
1280 4016 1305 4052 et

240 4101 335 4154 sumpto
340 4083 444 4152 fastigio
454 4119 462 4138 ,
473 4084 545 4131 initio
558 4085 623 4130 lacto
633 4101 645 4132 s
656 4100 750 4132 summo
795 4085 844 4132 leni
864 4087 958 4150 fastigio
970 4086 1103 4143 devexum
1121 4086 1218 4134 tertium
1236 4085 1305 4132 deni-
