<?xml version="1.0" encoding="UTF-8"?>
<!DOCTYPE html PUBLIC "-//W3C//DTD XHTML 1.0 Transitional//EN"
    "http://www.w3.org/TR/xhtml1/DTD/xhtml1-transitional.dtd">
<html xmlns="http://www.w3.org/1999/xhtml" xml:lang="en" lang="en">
 <head>
  <title>
</title>
<meta http-equiv="Content-Type" content="text/html;charset=utf-8" />
  <meta name='ocr-system' content='tesseract 3.04.00' />
  <meta name='ocr-capabilities' content='ocr_page ocr_carea ocr_par ocr_line ocrx_word'/>
</head>
<body>
  <div class='ocr_page' id='page_1' title='image "./titusliviuspata02freigoog_0382.png"; bbox 0 0 2970 4712; ppageno 0'>
   <div class='ocr_carea' id='block_1_1' title="bbox 545 403 1231 497">
    <p class='ocr_par' dir='ltr' id='par_1_1' title="bbox 545 403 1231 497">
     <span class='ocr_line' id='line_1_1' title="bbox 545 403 1231 497; baseline 0.001 -24"><span class='ocrx_word' id='word_1_1' title='bbox 545 407 866 475; x_wconf 75' lang='lat' dir='ltr'><strong>FRAGMENTA.</strong></span> <span class='ocrx_word' id='word_1_2' title='bbox 1164 403 1231 497; x_wconf 75' lang='lat'>373</span> 
     </span>
    </p>
   </div>
   <div class='ocr_carea' id='block_1_2' title="bbox 491 623 918 696">
    <p class='ocr_par' dir='ltr' id='par_1_2' title="bbox 491 623 918 696">
     <span class='ocr_line' id='line_1_2' title="bbox 491 623 918 696; baseline -0.007 -6"><span class='ocrx_word' id='word_1_3' title='bbox 491 624 568 690; x_wconf 85' lang='lat' dir='ltr'>AD.</span> <span class='ocrx_word' id='word_1_4' title='bbox 596 623 692 691; x_wconf 80' lang='lat' dir='ltr'>LIB.</span> <span class='ocrx_word' id='word_1_5' title='bbox 715 624 918 696; x_wconf 83' lang='lat' dir='ltr'>LXXVII.</span> 
     </span>
    </p>
   </div>
   <div class='ocr_carea' id='block_1_3' title="bbox 177 807 1242 1346">
    <p class='ocr_par' dir='ltr' id='par_1_3' title="bbox 177 807 1242 1346">
     <span class='ocr_line' id='line_1_3' title="bbox 225 807 1239 906; baseline 0.003 -25"><span class='ocrx_word' id='word_1_6' title='bbox 225 809 321 881; x_wconf 88' lang='lat' dir='ltr'>Sulla</span> <span class='ocrx_word' id='word_1_7' title='bbox 336 807 598 880; x_wconf 90' lang='lat' dir='ltr'>nobilissimum</span> <span class='ocrx_word' id='word_1_8' title='bbox 611 807 791 878; x_wconf 85' lang='lat' dir='ltr'>contrahit</span> <span class='ocrx_word' id='word_1_9' title='bbox 804 809 1012 906; x_wconf 84' lang='lat' dir='ltr'>conjugium</span> <span class='ocrx_word' id='word_1_10' title='bbox 1026 811 1163 882; x_wconf 81' lang='lat' dir='ltr'>Caecilia</span> <span class='ocrx_word' id='word_1_11' title='bbox 1175 812 1239 884; x_wconf 91' lang='lat' dir='ltr'>du·</span> 
     </span>
     <span class='ocr_line' id='line_1_4' title="bbox 177 915 1240 1015; baseline 0.002 -25"><span class='ocrx_word' id='word_1_12' title='bbox 177 935 251 1005; x_wconf 86' lang='lat' dir='ltr'>cta,</span> <span class='ocrx_word' id='word_1_13' title='bbox 270 918 403 990; x_wconf 83' lang='lat' dir='ltr'>Metelli</span> <span class='ocrx_word' id='word_1_14' title='bbox 422 916 602 1015; x_wconf 89' lang='lat' dir='ltr'>pontificis</span> <span class='ocrx_word' id='word_1_15' title='bbox 618 919 762 987; x_wconf 85' lang='lat' dir='ltr'>maximi</span> <span class='ocrx_word' id='word_1_16' title='bbox 777 915 862 987; x_wconf 91' lang='lat' dir='ltr'>filia.</span> <span class='ocrx_word' id='word_1_17' title='bbox 879 919 972 990; x_wconf 88' lang='lat' dir='ltr'>Hinc</span> <span class='ocrx_word' id='word_1_18' title='bbox 988 920 1116 993; x_wconf 86' lang='lat' dir='ltr'>cecinit</span> <span class='ocrx_word' id='word_1_19' title='bbox 1130 923 1240 996; x_wconf 89' lang='lat' dir='ltr'>multa</span> 
     </span>
     <span class='ocr_line' id='line_1_5' title="bbox 178 1026 1241 1127; baseline 0.003 -29"><span class='ocrx_word' id='word_1_20' title='bbox 178 1032 215 1098; x_wconf 92' lang='lat' dir='ltr'>in</span> <span class='ocrx_word' id='word_1_21' title='bbox 234 1054 317 1100; x_wconf 89' lang='lat' dir='ltr'>eum</span> <span class='ocrx_word' id='word_1_22' title='bbox 334 1028 509 1127; x_wconf 82' lang='lat' dir='ltr'>probrose</span> <span class='ocrx_word' id='word_1_23' title='bbox 528 1026 676 1126; x_wconf 82' lang='lat' dir='ltr'>vulgus,</span> <span class='ocrx_word' id='word_1_24' title='bbox 696 1028 873 1124; x_wconf 87' lang='lat' dir='ltr'>multique</span> <span class='ocrx_word' id='word_1_25' title='bbox 890 1053 932 1098; x_wconf 85' lang='lat' dir='ltr'>ex</span> <span class='ocrx_word' id='word_1_26' title='bbox 950 1029 1171 1124; x_wconf 89' lang='lat' dir='ltr'>primoribus</span> <span class='ocrx_word' id='word_1_27' title='bbox 1189 1033 1241 1100; x_wconf 89' lang='lat' dir='ltr'>in-</span> 
     </span>
     <span class='ocr_line' id='line_1_6' title="bbox 178 1136 1242 1236; baseline 0.006 -29"><span class='ocrx_word' id='word_1_28' title='bbox 178 1139 345 1210; x_wconf 84' lang='lat' dir='ltr'>viderunt</span> <span class='ocrx_word' id='word_1_29' title='bbox 361 1140 413 1222; x_wconf 86' lang='lat' dir='ltr'>ei,</span> <span class='ocrx_word' id='word_1_30' title='bbox 432 1137 696 1236; x_wconf 83' lang='lat' dir='ltr'>indignumilla</span> <span class='ocrx_word' id='word_1_31' title='bbox 715 1136 846 1210; x_wconf 84' lang='lat' dir='ltr'>femina</span> <span class='ocrx_word' id='word_1_32' title='bbox 860 1139 1118 1234; x_wconf 78' lang='lat' dir='ltr'>existimantes,</span> <span class='ocrx_word' id='word_1_33' title='bbox 1132 1157 1173 1212; x_wconf 92' lang='lat' dir='ltr'>ut</span> <span class='ocrx_word' id='word_1_34' title='bbox 1189 1145 1242 1212; x_wconf 89' lang='lat' dir='ltr'>Ti·</span> 
     </span>
     <span class='ocr_line' id='line_1_7' title="bbox 179 1247 1075 1346; baseline -0.004 -26"><span class='ocrx_word' id='word_1_35' title='bbox 179 1266 237 1321; x_wconf 90' lang='lat' dir='ltr'>tus</span> <span class='ocrx_word' id='word_1_36' title='bbox 254 1250 322 1337; x_wconf 89' lang='lat' dir='ltr'>ait,</span> <span class='ocrx_word' id='word_1_37' title='bbox 342 1274 451 1345; x_wconf 89' lang='lat' dir='ltr'>quem</span> <span class='ocrx_word' id='word_1_38' title='bbox 472 1248 659 1322; x_wconf 85' lang='lat' dir='ltr'>consulatu</span> <span class='ocrx_word' id='word_1_39' title='bbox 676 1248 896 1346; x_wconf 88' lang='lat' dir='ltr'>judicassent</span> <span class='ocrx_word' id='word_1_40' title='bbox 915 1247 1075 1342; x_wconf 83' lang='lat' dir='ltr'>dignum.</span> 
     </span>
    </p>
   </div>
   <div class='ocr_carea' id='block_1_4' title="bbox 232 1386 1098 1450">
    <p class='ocr_par' dir='ltr' id='par_1_4' title="bbox 232 1386 1098 1450">
     <span class='ocr_line' id='line_1_8' title="bbox 232 1386 1098 1450; baseline -0.001 -15"><span class='ocrx_word' id='word_1_41' title='bbox 232 1387 295 1436; x_wconf 89' lang='lat' dir='ltr'>Plut.</span> <span class='ocrx_word' id='word_1_42' title='bbox 305 1389 331 1434; x_wconf 91' lang='lat' dir='ltr'>in</span> <span class='ocrx_word' id='word_1_43' title='bbox 343 1389 391 1435; x_wconf 83' lang='lat' dir='ltr'>vita</span> <span class='ocrx_word' id='word_1_44' title='bbox 405 1387 490 1445; x_wconf 70' lang='lat' dir='ltr'>Sulla,</span> <span class='ocrx_word' id='word_1_45' title='bbox 501 1405 525 1450; x_wconf 87' lang='lat' dir='ltr'>p.</span> <span class='ocrx_word' id='word_1_46' title='bbox 539 1387 597 1442; x_wconf 74' lang='lat'><em>455.</em></span> <span class='ocrx_word' id='word_1_47' title='bbox 615 1414 649 1422; x_wconf 87' lang='lat'>-</span> <span class='ocrx_word' id='word_1_48' title='bbox 662 1387 699 1434; x_wconf 88' lang='lat' dir='ltr'>Cs.</span> <span class='ocrx_word' id='word_1_49' title='bbox 713 1386 820 1435; x_wconf 82' lang='lat' dir='ltr'>Freinsh.</span> <span class='ocrx_word' id='word_1_50' title='bbox 832 1387 917 1450; x_wconf 88' lang='lat' dir='ltr'>Suppl.</span> <span class='ocrx_word' id='word_1_51' title='bbox 929 1389 1062 1446; x_wconf 79' lang='lat' dir='ltr'>LXXVII,</span> <span class='ocrx_word' id='word_1_52' title='bbox 1076 1405 1098 1435; x_wconf 82' lang='lat'>2.</span> 
     </span>
    </p>
   </div>
   <div class='ocr_carea' id='block_1_5' title="bbox 181 1506 1246 2154">
    <p class='ocr_par' dir='ltr' id='par_1_5' title="bbox 181 1506 1246 2047">
     <span class='ocr_line' id='line_1_9' title="bbox 230 1506 1244 1605; baseline -0.003 -25"><span class='ocrx_word' id='word_1_53' title='bbox 230 1507 325 1580; x_wconf 87' lang='lat' dir='ltr'>Sulla</span> <span class='ocrx_word' id='word_1_54' title='bbox 344 1532 457 1604; x_wconf 91' lang='lat' dir='ltr'>quum</span> <span class='ocrx_word' id='word_1_55' title='bbox 476 1509 634 1605; x_wconf 89' lang='lat' dir='ltr'>primum</span> <span class='ocrx_word' id='word_1_56' title='bbox 653 1506 698 1580; x_wconf 89' lang='lat' dir='ltr'>ad</span> <span class='ocrx_word' id='word_1_57' title='bbox 716 1506 853 1577; x_wconf 88' lang='lat' dir='ltr'>Urbem</span> <span class='ocrx_word' id='word_1_58' title='bbox 872 1521 997 1578; x_wconf 87' lang='lat' dir='ltr'>contra</span> <span class='ocrx_word' id='word_1_59' title='bbox 1017 1509 1169 1578; x_wconf 87' lang='lat' dir='ltr'>Marium</span> <span class='ocrx_word' id='word_1_60' title='bbox 1186 1533 1244 1577; x_wconf 90' lang='lat' dir='ltr'>ca-</span> 
     </span>
     <span class='ocr_line' id='line_1_10' title="bbox 181 1615 1246 1706; baseline -0.005 -16"><span class='ocrx_word' id='word_1_61' title='bbox 181 1635 253 1690; x_wconf 88' lang='lat' dir='ltr'>stra</span> <span class='ocrx_word' id='word_1_62' title='bbox 271 1620 456 1706; x_wconf 82' lang='lat' dir='ltr'>movisset,</span> <span class='ocrx_word' id='word_1_63' title='bbox 476 1618 565 1690; x_wconf 85' lang='lat' dir='ltr'>adeo</span> <span class='ocrx_word' id='word_1_64' title='bbox 585 1618 663 1690; x_wconf 83' lang='lat' dir='ltr'>laeta</span> <span class='ocrx_word' id='word_1_65' title='bbox 678 1631 759 1690; x_wconf 86' lang='lat' dir='ltr'>exta</span> <span class='ocrx_word' id='word_1_66' title='bbox 773 1617 974 1700; x_wconf 86' lang='lat' dir='ltr'>immolanti</span> <span class='ocrx_word' id='word_1_67' title='bbox 992 1615 1102 1688; x_wconf 83' lang='lat' dir='ltr'>fuisse</span> <span class='ocrx_word' id='word_1_68' title='bbox 1122 1615 1246 1688; x_wconf 89' lang='lat' dir='ltr'>scribit</span> 
     </span>
     <span class='ocr_line' id='line_1_11' title="bbox 182 1727 1245 1824; baseline -0.002 -25"><span class='ocrx_word' id='word_1_69' title='bbox 182 1730 323 1816; x_wconf 89' lang='lat' dir='ltr'>Livius,</span> <span class='ocrx_word' id='word_1_70' title='bbox 343 1744 384 1800; x_wconf 91' lang='lat' dir='ltr'>ut</span> <span class='ocrx_word' id='word_1_71' title='bbox 402 1728 573 1800; x_wconf 88' lang='lat' dir='ltr'>custodiri</span> <span class='ocrx_word' id='word_1_72' title='bbox 592 1753 629 1800; x_wconf 86' lang='lat' dir='ltr'>se</span> <span class='ocrx_word' id='word_1_73' title='bbox 654 1728 859 1798; x_wconf 86' lang='lat' dir='ltr'>Postumius</span> <span class='ocrx_word' id='word_1_74' title='bbox 874 1727 1053 1824; x_wconf 86' lang='lat' dir='ltr'>haruspex</span> <span class='ocrx_word' id='word_1_75' title='bbox 1071 1727 1245 1814; x_wconf 87' lang='lat' dir='ltr'>voluerit,</span> 
     </span>
     <span class='ocr_line' id='line_1_12' title="bbox 183 1838 1246 1937; baseline -0.003 -27"><span class='ocrx_word' id='word_1_76' title='bbox 183 1841 306 1937; x_wconf 90' lang='lat' dir='ltr'>capitis</span> <span class='ocrx_word' id='word_1_77' title='bbox 327 1839 544 1937; x_wconf 89' lang='lat' dir='ltr'>supplicium</span> <span class='ocrx_word' id='word_1_78' title='bbox 565 1838 770 1922; x_wconf 82' lang='lat' dir='ltr'>subiturus,</span> <span class='ocrx_word' id='word_1_79' title='bbox 790 1840 858 1910; x_wconf 93' lang='lat' dir='ltr'>nisi</span> <span class='ocrx_word' id='word_1_80' title='bbox 880 1863 938 1924; x_wconf 85' lang='lat' dir='ltr'>ea,</span> <span class='ocrx_word' id='word_1_81' title='bbox 964 1863 1044 1935; x_wconf 87' lang='lat' dir='ltr'>quae</span> <span class='ocrx_word' id='word_1_82' title='bbox 1066 1840 1104 1909; x_wconf 94' lang='lat' dir='ltr'>in</span> <span class='ocrx_word' id='word_1_83' title='bbox 1126 1840 1246 1910; x_wconf 91' lang='lat' dir='ltr'>animo</span> 
     </span>
     <span class='ocr_line' id='line_1_13' title="bbox 185 1947 1092 2047; baseline 0 -28"><span class='ocrx_word' id='word_1_84' title='bbox 185 1949 280 2020; x_wconf 90' lang='lat' dir='ltr'>Sulla</span> <span class='ocrx_word' id='word_1_85' title='bbox 301 1947 467 2033; x_wconf 83' lang='lat' dir='ltr'>haberet,</span> <span class='ocrx_word' id='word_1_86' title='bbox 485 1947 553 2018; x_wconf 88' lang='lat' dir='ltr'>diis</span> <span class='ocrx_word' id='word_1_87' title='bbox 566 1947 776 2044; x_wconf 89' lang='lat' dir='ltr'>juvantibus</span> <span class='ocrx_word' id='word_1_88' title='bbox 794 1948 1021 2047; x_wconf 63' lang='lat' dir='ltr'>impleuisset.</span> <span class='ocrx_word' id='word_1_89' title='bbox 1090 1980 1092 1988; x_wconf 94' lang='lat'>·</span> 
     </span>
    </p>

    <p class='ocr_par' dir='ltr' id='par_1_6' title="bbox 238 2070 1018 2154">
     <span class='ocr_line' id='line_1_14' title="bbox 238 2070 1018 2154; baseline -0.001 -14"><span class='ocrx_word' id='word_1_90' title='bbox 238 2092 366 2154; x_wconf 73' lang='lat' dir='ltr'>Angustia.</span> <span class='ocrx_word' id='word_1_91' title='bbox 378 2089 470 2140; x_wconf 61' lang='lat' dir='ltr'>dcciv.</span> <span class='ocrx_word' id='word_1_92' title='bbox 480 2091 536 2148; x_wconf 73' lang='lat' dir='ltr'>nu,</span> <span class='ocrx_word' id='word_1_93' title='bbox 552 2093 591 2148; x_wconf 91' lang='lat'>11,</span> <span class='ocrx_word' id='word_1_94' title='bbox 601 2099 643 2148; x_wconf 70' lang='lat'>24.</span> <span class='ocrx_word' id='word_1_95' title='bbox 657 2070 691 2127; x_wconf 83' lang='grc'>-’</span> <span class='ocrx_word' id='word_1_96' title='bbox 710 2091 782 2140; x_wconf 78' lang='lat' dir='ltr'>eons.</span> <span class='ocrx_word' id='word_1_97' title='bbox 794 2090 883 2138; x_wconf 65' lang='lat' dir='ltr'>eluat.</span> <span class='ocrx_word' id='word_1_98' title='bbox 894 2091 911 2138; x_wconf 90' lang='lat'>1.</span> <span class='ocrx_word' id='word_1_99' title='bbox 923 2107 948 2154; x_wconf 80' lang='lat' dir='ltr'>p.</span> <span class='ocrx_word' id='word_1_100' title='bbox 960 2091 1018 2151; x_wconf 72' lang='lat'>4⁵7·</span> 
     </span>
    </p>
   </div>
   <div class='ocr_carea' id='block_1_6' title="bbox 487 2283 942 2351">
    <p class='ocr_par' dir='ltr' id='par_1_7' title="bbox 487 2283 942 2351">
     <span class='ocr_line' id='line_1_15' title="bbox 487 2283 942 2351; baseline 0.002 -2"><span class='ocrx_word' id='word_1_101' title='bbox 487 2285 555 2350; x_wconf 84' lang='lat' dir='ltr'>AD</span> <span class='ocrx_word' id='word_1_102' title='bbox 587 2284 682 2351; x_wconf 89' lang='lat' dir='ltr'>LIB.</span> <span class='ocrx_word' id='word_1_103' title='bbox 717 2283 942 2350; x_wconf 88' lang='lat' dir='ltr'>LXXXIII.</span> 
     </span>
    </p>
   </div>
   <div class='ocr_carea' id='block_1_7' title="bbox 189 2459 1250 2888">
    <p class='ocr_par' dir='ltr' id='par_1_8' title="bbox 189 2459 1250 2888">
     <span class='ocr_line' id='line_1_16' title="bbox 237 2459 1248 2558; baseline -0.002 -26"><span class='ocrx_word' id='word_1_104' title='bbox 237 2463 373 2532; x_wconf 88' lang='lat' dir='ltr'>Eversis</span> <span class='ocrx_word' id='word_1_105' title='bbox 401 2463 538 2558; x_wconf 83' lang='lat' dir='ltr'>quippe</span> <span class='ocrx_word' id='word_1_106' title='bbox 566 2478 603 2532; x_wconf 88' lang='lat' dir='ltr'>et</span> <span class='ocrx_word' id='word_1_107' title='bbox 630 2463 783 2532; x_wconf 88' lang='lat' dir='ltr'>incensis</span> <span class='ocrx_word' id='word_1_108' title='bbox 812 2459 983 2532; x_wconf 90' lang='lat' dir='ltr'>omnibus</span> <span class='ocrx_word' id='word_1_109' title='bbox 1008 2485 1090 2531; x_wconf 91' lang='lat' dir='ltr'>cum</span> <span class='ocrx_word' id='word_1_110' title='bbox 1112 2461 1248 2558; x_wconf 90' lang='lat' dir='ltr'>oppido</span> 
     </span>
     <span class='ocr_line' id='line_1_17' title="bbox 189 2571 1249 2667; baseline 0.001 -28"><span class='ocrx_word' id='word_1_111' title='bbox 189 2571 278 2662; x_wconf 86' lang='lat' dir='ltr'>(Ilio</span> <span class='ocrx_word' id='word_1_112' title='bbox 300 2597 320 2641; x_wconf 87' lang='lat' dir='ltr'>a</span> <span class='ocrx_word' id='word_1_113' title='bbox 341 2571 521 2667; x_wconf 81' lang='lat' dir='ltr'>Fimbria)</span> <span class='ocrx_word' id='word_1_114' title='bbox 544 2571 759 2658; x_wconf 86' lang='lat' dir='ltr'>simulacris,</span> <span class='ocrx_word' id='word_1_115' title='bbox 779 2571 896 2640; x_wconf 87' lang='lat' dir='ltr'>solum</span> <span class='ocrx_word' id='word_1_116' title='bbox 913 2572 1085 2641; x_wconf 83' lang='lat' dir='ltr'>Minervae</span> <span class='ocrx_word' id='word_1_117' title='bbox 1104 2571 1249 2642; x_wconf 89' lang='lat' dir='ltr'>simula-</span> 
     </span>
     <span class='ocr_line' id='line_1_18' title="bbox 190 2679 1250 2777; baseline -0.001 -27"><span class='ocrx_word' id='word_1_118' title='bbox 190 2705 290 2750; x_wconf 90' lang='lat' dir='ltr'>crum</span> <span class='ocrx_word' id='word_1_119' title='bbox 308 2679 375 2750; x_wconf 92' lang='lat' dir='ltr'>sub</span> <span class='ocrx_word' id='word_1_120' title='bbox 396 2695 494 2750; x_wconf 88' lang='lat' dir='ltr'>tanta</span> <span class='ocrx_word' id='word_1_121' title='bbox 511 2682 615 2750; x_wconf 91' lang='lat' dir='ltr'>ruina</span> <span class='ocrx_word' id='word_1_122' title='bbox 632 2680 757 2777; x_wconf 86' lang='lat' dir='ltr'>templi</span> <span class='ocrx_word' id='word_1_123' title='bbox 776 2679 890 2765; x_wconf 85' lang='lat' dir='ltr'>illius,</span> <span class='ocrx_word' id='word_1_124' title='bbox 911 2694 952 2748; x_wconf 93' lang='lat' dir='ltr'>ut</span> <span class='ocrx_word' id='word_1_125' title='bbox 971 2679 1094 2749; x_wconf 89' lang='lat' dir='ltr'>s&#39;cribit</span> <span class='ocrx_word' id='word_1_126' title='bbox 1111 2681 1250 2763; x_wconf 88' lang='lat' dir='ltr'>Livius,</span> 
     </span>
     <span class='ocr_line' id='line_1_19' title="bbox 191 2789 761 2888; baseline -0.004 -29"><span class='ocrx_word' id='word_1_127' title='bbox 191 2792 369 2888; x_wconf 84' lang='lat' dir='ltr'>integrum</span> <span class='ocrx_word' id='word_1_128' title='bbox 387 2791 524 2860; x_wconf 90' lang='lat' dir='ltr'>stetisse</span> <span class='ocrx_word' id='word_1_129' title='bbox 543 2789 761 2886; x_wconf 80' lang='lat' dir='ltr'>perhibetur.</span> 
     </span>
    </p>
   </div>
   <div class='ocr_carea' id='block_1_8' title="bbox 192 2925 1251 3158">
    <p class='ocr_par' dir='ltr' id='par_1_9' title="bbox 192 2925 1251 3158">
     <span class='ocr_line' id='line_1_20' title="bbox 243 2925 1251 2990; baseline 0 -18"><span class='ocrx_word' id='word_1_130' title='bbox 243 2926 372 2989; x_wconf 72' lang='lat' dir='ltr'>Augustini.</span> <span class='ocrx_word' id='word_1_131' title='bbox 385 2927 415 2973; x_wconf 86' lang='lat' dir='ltr'>de</span> <span class='ocrx_word' id='word_1_132' title='bbox 430 2925 485 2972; x_wconf 79' lang='lat' dir='ltr'>civ.</span> <span class='ocrx_word' id='word_1_133' title='bbox 497 2926 556 2982; x_wconf 84' lang='lat' dir='ltr'>Dei,</span> <span class='ocrx_word' id='word_1_134' title='bbox 568 2927 619 2986; x_wconf 85' lang='lat'>111,</span> <span class='ocrx_word' id='word_1_135' title='bbox 633 2942 655 2985; x_wconf 86' lang='lat'>7.</span> <span class='ocrx_word' id='word_1_136' title='bbox 666 2953 700 2960; x_wconf 91' lang='lat'>-</span> <span class='ocrx_word' id='word_1_137' title='bbox 709 2927 745 2975; x_wconf 86' lang='lat' dir='ltr'>Cf.</span> <span class='ocrx_word' id='word_1_138' title='bbox 760 2929 824 2990; x_wconf 90' lang='lat' dir='ltr'>Epit.</span> <span class='ocrx_word' id='word_1_139' title='bbox 840 2938 864 2973; x_wconf 85' lang='lat' dir='ltr'>et</span> <span class='ocrx_word' id='word_1_140' title='bbox 876 2926 982 2974; x_wconf 80' lang='lat' dir='ltr'>Freiuah.</span> <span class='ocrx_word' id='word_1_141' title='bbox 997 2927 1119 2990; x_wconf 84' lang='lat' dir='ltr'>Supplem.</span> <span class='ocrx_word' id='word_1_142' title='bbox 1130 2928 1251 2984; x_wconf 81' lang='lat' dir='ltr'>LXXIII,</span> 
     </span>
     <span class='ocr_line' id='line_1_21' title="bbox 194 3001 1251 3072; baseline -0.004 -15"><span class='ocrx_word' id='word_1_143' title='bbox 194 3027 215 3072; x_wconf 83' lang='lat'>7.</span> <span class='ocrx_word' id='word_1_144' title='bbox 227 3009 365 3058; x_wconf 47' lang='lat' dir='ltr'>*Auctor</span> <span class='ocrx_word' id='word_1_145' title='bbox 374 3009 477 3057; x_wconf 66' lang='lat' dir='ltr'>(levitis</span> <span class='ocrx_word' id='word_1_146' title='bbox 490 3006 525 3053; x_wconf 86' lang='lat' dir='ltr'>ill.</span> <span class='ocrx_word' id='word_1_147' title='bbox 537 3023 590 3071; x_wconf 85' lang='lat' dir='ltr'>cap.</span> <span class='ocrx_word' id='word_1_148' title='bbox 604 3023 644 3068; x_wconf 89' lang='lat'>7⁰·</span> <span class='ocrx_word' id='word_1_149' title='bbox 654 3035 688 3044; x_wconf 84' lang='lat'>-·</span> <span class='ocrx_word' id='word_1_150' title='bbox 701 3009 807 3072; x_wconf 83' lang='lat' dir='ltr'>Appian.</span> <span class='ocrx_word' id='word_1_151' title='bbox 820 3007 879 3056; x_wconf 86' lang='lat' dir='ltr'>Bell.</span> <span class='ocrx_word' id='word_1_152' title='bbox 889 3001 1000 3056; x_wconf 81' lang='lat' dir='ltr'>Mithrid.</span> <span class='ocrx_word' id='word_1_153' title='bbox 1013 3025 1066 3071; x_wconf 85' lang='lat' dir='ltr'>cap.</span> <span class='ocrx_word' id='word_1_154' title='bbox 1083 3009 1113 3054; x_wconf 81' lang='lat'>53</span> <span class='ocrx_word' id='word_1_155' title='bbox 1129 3019 1152 3054; x_wconf 88' lang='lat' dir='ltr'>ct</span> <span class='ocrx_word' id='word_1_156' title='bbox 1165 3008 1206 3054; x_wconf 86' lang='lat'>61.</span> <span class='ocrx_word' id='word_1_157' title='bbox 1220 3031 1251 3038; x_wconf 96' lang='lat'><em>-</em></span> 
     </span>
     <span class='ocr_line' id='line_1_22' title="bbox 192 3093 546 3158; baseline -0.017 -16"><span class='ocrx_word' id='word_1_158' title='bbox 192 3093 281 3158; x_wconf 80' lang='lat' dir='ltr'>Obseq.</span> <span class='ocrx_word' id='word_1_159' title='bbox 292 3094 323 3144; x_wconf 76' lang='lat' dir='ltr'>de</span> <span class='ocrx_word' id='word_1_160' title='bbox 335 3093 407 3142; x_wconf 78' lang='lat' dir='ltr'>Prod.</span> <span class='ocrx_word' id='word_1_161' title='bbox 423 3109 476 3155; x_wconf 86' lang='lat' dir='ltr'>cap.</span> <span class='ocrx_word' id='word_1_162' title='bbox 490 3093 546 3138; x_wconf 76' lang='lat'>116.</span> 
     </span>
    </p>
   </div>
   <div class='ocr_carea' id='block_1_9' title="bbox 555 3263 884 3331">
    <p class='ocr_par' dir='ltr' id='par_1_10' title="bbox 555 3263 884 3331">
     <span class='ocr_line' id='line_1_23' title="bbox 555 3263 884 3331; baseline -0.015 0"><span class='ocrx_word' id='word_1_163' title='bbox 555 3266 622 3331; x_wconf 87' lang='lat' dir='ltr'>AD</span> <span class='ocrx_word' id='word_1_164' title='bbox 655 3263 747 3330; x_wconf 87' lang='lat' dir='ltr'>LIB.</span> <span class='ocrx_word' id='word_1_165' title='bbox 782 3263 884 3328; x_wconf 89' lang='lat' dir='ltr'>XCI.</span> 
     </span>
    </p>
   </div>
   <div class='ocr_carea' id='block_1_10' title="bbox 196 3437 1256 3757">
    <p class='ocr_par' dir='ltr' id='par_1_11' title="bbox 196 3437 1256 3757">
     <span class='ocr_line' id='line_1_24' title="bbox 243 3437 1255 3542; baseline -0.01 -26"><span class='ocrx_word' id='word_1_166' title='bbox 243 3452 318 3516; x_wconf 91' lang='lat' dir='ltr'>Hoc</span> <span class='ocrx_word' id='word_1_167' title='bbox 330 3447 486 3542; x_wconf 85' lang='lat' dir='ltr'>primurn</span> <span class='ocrx_word' id='word_1_168' title='bbox 498 3442 658 3540; x_wconf 85' lang='lat' dir='ltr'>praelium</span> <span class='ocrx_word' id='word_1_169' title='bbox 674 3441 767 3508; x_wconf 89' lang='lat' dir='ltr'>inter</span> <span class='ocrx_word' id='word_1_170' title='bbox 783 3437 978 3508; x_wconf 88' lang='lat' dir='ltr'>Sertorium</span> <span class='ocrx_word' id='word_1_171' title='bbox 995 3453 1030 3506; x_wconf 85' lang='lat' dir='ltr'>et</span> <span class='ocrx_word' id='word_1_172' title='bbox 1045 3439 1255 3534; x_wconf 86' lang='lat' dir='ltr'>Pompeium</span> 
     </span>
     <span class='ocr_line' id='line_1_25' title="bbox 196 3547 1256 3643; baseline -0.008 -17"><span class='ocrx_word' id='word_1_173' title='bbox 196 3556 273 3626; x_wconf 85' lang='lat' dir='ltr'>fuit.</span> <span class='ocrx_word' id='word_1_174' title='bbox 307 3557 438 3626; x_wconf 88' lang='lat' dir='ltr'>Decem</span> <span class='ocrx_word' id='word_1_175' title='bbox 471 3551 581 3622; x_wconf 89' lang='lat' dir='ltr'>millia</span> <span class='ocrx_word' id='word_1_176' title='bbox 612 3549 799 3619; x_wconf 90' lang='lat' dir='ltr'>hominum</span> <span class='ocrx_word' id='word_1_177' title='bbox 831 3547 876 3616; x_wconf 86' lang='lat' dir='ltr'>de</span> <span class='ocrx_word' id='word_1_178' title='bbox 906 3549 1065 3643; x_wconf 82' lang='lat' dir='ltr'>Pompeii</span> <span class='ocrx_word' id='word_1_179' title='bbox 1096 3550 1256 3617; x_wconf 81' lang='lat' dir='ltr'>exercitu</span> 
     </span>
     <span class='ocr_line' id='line_1_26' title="bbox 198 3657 1182 3757; baseline -0.01 -22"><span class='ocrx_word' id='word_1_180' title='bbox 198 3668 323 3736; x_wconf 85' lang='lat' dir='ltr'>amissa</span> <span class='ocrx_word' id='word_1_181' title='bbox 341 3680 376 3734; x_wconf 83' lang='lat' dir='ltr'>et</span> <span class='ocrx_word' id='word_1_182' title='bbox 394 3663 515 3734; x_wconf 90' lang='lat' dir='ltr'>omnia</span> <span class='ocrx_word' id='word_1_183' title='bbox 534 3658 791 3757; x_wconf 87' lang='lat' dir='ltr'>impedimenta</span> <span class='ocrx_word' id='word_1_184' title='bbox 801 3713 812 3744; x_wconf 8' lang='lat' dir='ltr'>a,</span> <span class='ocrx_word' id='word_1_185' title='bbox 834 3657 956 3726; x_wconf 90' lang='lat' dir='ltr'>Livius</span> <span class='ocrx_word' id='word_1_186' title='bbox 975 3672 1098 3731; x_wconf 89' lang='lat' dir='ltr'>auctor</span> <span class='ocrx_word' id='word_1_187' title='bbox 1120 3673 1182 3726; x_wconf 85' lang='lat' dir='ltr'>est.</span> 
     </span>
    </p>
   </div>
   <div class='ocr_carea' id='block_1_11' title="bbox 251 3797 1108 3870">
    <p class='ocr_par' dir='ltr' id='par_1_12' title="bbox 251 3797 1108 3870">
     <span class='ocr_line' id='line_1_27' title="bbox 251 3797 1108 3870; baseline -0.012 -20"><span class='ocrx_word' id='word_1_188' title='bbox 251 3804 360 3850; x_wconf 82' lang='lat' dir='ltr'>Frontin.</span> <span class='ocrx_word' id='word_1_189' title='bbox 374 3807 445 3849; x_wconf 73' lang='lat' dir='ltr'>Str-at.</span> <span class='ocrx_word' id='word_1_190' title='bbox 456 3804 494 3858; x_wconf 86' lang='grc' dir='ltr'>ΙΙ,</span> <span class='ocrx_word' id='word_1_191' title='bbox 509 3802 532 3862; x_wconf 80' lang='grc'>5,</span> <span class='ocrx_word' id='word_1_192' title='bbox 547 3803 589 3846; x_wconf 81' lang='lat'>31.</span> <span class='ocrx_word' id='word_1_193' title='bbox 600 3828 635 3835; x_wconf 87' lang='lat'>—</span> <span class='ocrx_word' id='word_1_194' title='bbox 646 3802 683 3848; x_wconf 84' lang='lat' dir='ltr'>CI.</span> <span class='ocrx_word' id='word_1_195' title='bbox 695 3798 804 3847; x_wconf 80' lang='lat' dir='ltr'>Freinsb.</span> <span class='ocrx_word' id='word_1_196' title='bbox 818 3797 904 3870; x_wconf 71' lang='lat' dir='ltr'>Suppl.</span> <span class='ocrx_word' id='word_1_197' title='bbox 915 3797 984 3854; x_wconf 73' lang='lat' dir='ltr'>XCI,</span> <span class='ocrx_word' id='word_1_198' title='bbox 999 3811 1036 3858; x_wconf 83' lang='lat'>19.</span> <span class='ocrx_word' id='word_1_199' title='bbox 1106 3853 1108 3861; x_wconf 25' lang='lat'>4</span> 
     </span>
    </p>
   </div>
   <div class='ocr_carea' id='block_1_12' title="bbox 468 3959 921 4030">
    <p class='ocr_par' dir='ltr' id='par_1_13' title="bbox 468 3959 921 4030">
     <span class='ocr_line' id='line_1_28' title="bbox 468 3959 921 4030; baseline -0.009 0"><span class='ocrx_word' id='word_1_200' title='bbox 468 3959 481 3986; x_wconf 81' lang='grc'>”</span> <span class='ocrx_word' id='word_1_201' title='bbox 531 3965 598 4030; x_wconf 84' lang='lat' dir='ltr'>AD</span> <span class='ocrx_word' id='word_1_202' title='bbox 631 3967 724 4030; x_wconf 90' lang='lat' dir='ltr'>LlB.</span> <span class='ocrx_word' id='word_1_203' title='bbox 761 3962 921 4030; x_wconf 88' lang='lat' dir='ltr'>XCVII.</span> 
     </span>
    </p>
   </div>
   <div class='ocr_carea' id='block_1_13' title="bbox 226 4118 1261 4244">
    <p class='ocr_par' dir='ltr' id='par_1_14' title="bbox 226 4118 1261 4244">
     <span class='ocr_line' id='line_1_29' title="bbox 226 4118 1261 4244; baseline -0.006 -30"><span class='ocrx_word' id='word_1_204' title='bbox 226 4235 231 4244; x_wconf 90' lang='lat'>.</span> <span class='ocrx_word' id='word_1_205' title='bbox 249 4147 406 4241; x_wconf 77' lang='lat' dir='ltr'>Triginta</span> <span class='ocrx_word' id='word_1_206' title='bbox 424 4144 584 4237; x_wconf 83' lang='lat' dir='ltr'>quinque</span> <span class='ocrx_word' id='word_1_207' title='bbox 604 4137 720 4210; x_wconf 76' lang='lat' dir='ltr'>millia</span> <span class='ocrx_word' id='word_1_208' title='bbox 731 4129 950 4207; x_wconf 78' lang='lat' dir='ltr'>armatorum</span> <span class='ocrx_word' id='word_1_209' title='bbox 966 4118 1224 4231; x_wconf 66' lang='lat' dir='ltr'>(lugltlto&#39;rmii</span> <span class='ocrx_word' id='word_1_210' title='bbox 1242 4162 1261 4207; x_wconf 89' lang='lat' dir='ltr'>a</span> 
     </span>
    </p>
   </div>
   <div class='ocr_carea' id='block_1_14' title="bbox 1295 985 1303 1022">
    <p class='ocr_par' dir='ltr' id='par_1_15' title="bbox 1295 985 1303 1022">
     <span class='ocr_line' id='line_1_30' title="bbox 1295 985 1303 1022; baseline 0 0"><span class='ocrx_word' id='word_1_211' title='bbox 1295 985 1303 1022; x_wconf 87' lang='lat' dir='ltr'>l</span> 
     </span>
    </p>
   </div>
   <div class='ocr_carea' id='block_1_15' title="bbox 0 0 1521 4712">
    <p class='ocr_par' dir='ltr' id='par_1_16' title="bbox 0 0 1521 4712">
     <span class='ocr_line' id='line_1_31' title="bbox 0 0 1521 4712; baseline 0 0"><span class='ocrx_word' id='word_1_212' title='bbox 0 0 1521 4712; x_wconf 95' lang='lat' dir='ltr'> </span> 
     </span>
    </p>
   </div>
  </div>
 </body>
</html>
