2984 4706
218 357 344 456 &33:233
427 379 575 444 menn
609 379 744 444 xmv.
775 381 877 446 oar.
903 382 1005 447 xlv.
1185 384 1249 480 195

191 495 279 582 dnm
297 495 418 566 Gallos
432 495 617 592 Pamphyli
630 495 760 593 legati²
780 521 949 572 coronam
967 525 1129 588 auream,
1148 530 1192 574 ex
1207 509 1255 576 vi·

184 607 280 702 ¹giuti
296 605 455 685 millibus
467 605 739 704 Philippeorum
753 605 898 696 iactam,
921 611 958 680 in
976 614 1109 685 curiam
1127 616 1254 688 intule-

190 730 298 801 runt,
324 713 603 813 petentibusque
624 718 685 801 iis,
707 733 747 789 ut
773 719 811 788 id
832 717 969 790 donum
990 723 1028 790 in
1049 723 1137 795 cella
1156 729 1253 798 lovis

192 827 330 924 Optimi
341 827 487 898 Maximi
500 850 654 922 ponere,
670 842 706 897 et
719 826 914 900 sacrificare
931 831 968 900 in
982 833 1158 928 Capitolio
1172 834 1253 906 lice-

191 951 264 1021 ret,
284 936 521 1032 permissum:
541 934 770 1033 benigneque
789 939 981 1010 amicitiam
1001 965 1174 1014 renovare
1194 971 1254 1016 vo

191 1044 351 1119 lentibus
376 1046 498 1143 legatis
523 1070 757 1143 responsum,
786 1063 821 1118 et
846 1046 972 1120 binum
1001 1051 1151 1122 millium
1176 1058 1275 1126 aeris·

191 1154 341 1251 singulis
357 1157 504 1226 missum
519 1180 662 1228 munus.
679 1163 770 1226 Tum
786 1155 831 1227 ab
847 1181 932 1254 rege
945 1161 1085 1246 Prusia,
1099 1178 1135 1232 et
1146 1166 1253 1262 paulo

191 1279 276 1362 post
296 1265 343 1336 ab
362 1264 531 1351 Rhodiis,
545 1264 591 1338 de
608 1264 730 1338 eadem
744 1291 784 1335 re
799 1266 905 1362 longe
926 1267 1027 1340 aliter
1043 1267 1257 1343 disserentes

192 1373 298 1471 legati
323 1375 435 1448 auditi
459 1391 553 1448 sunt.
580 1379 740 1471 Utraque
763 1376 893 1474 legatio
918 1375 963 1448 de
984 1401 1073 1474 pace
1092 1382 1255 1451 reconci-

192 1484 310 1566 lianda
339 1509 422 1556 cum
447 1509 531 1582 rege
558 1489 684 1556 Perseo
709 1487 796 1581 egit.
828 1489 958 1558 Prusiae
980 1513 1105 1584 preces
1126 1493 1257 1587 magis,

193 1617 302 1690 quarn
321 1593 675 1691 postulatio,=fuere,
695 1594 918 1692 profitentis,
936 1613 972 1668 et
990 1598 1043 1667 ad
1060 1599 1100 1667 id
1119 1591 1257 1697 temptas

191 1729 231 1774 se
253 1729 336 1776 cum
362 1710 536 1780 Romanis
560 1711 694 1776 stetisse
716 1701 742 1808 ³,
764 1721 814 1791 et,
841 1707 969 1802 quoad
989 1706 1121 1776 bellum
1134 1711 1255 1798 flaret,

190 1829 377 1887 staturam.
403 1819 578 1888 Caeterum
594 1839 710 1911 qaum
735 1815 789 1884 ad
807 1840 847 1886 se
869 1842 894 1884 a
914 1821 1045 1886 Perseo
1068 1819 1177 1912 legati
1193 1844 1281 1890 ne··

194 1931 329 1996 misserat
345 1926 563 2021 definiendo
586 1950 668 1996 cam
690 1930 864 1996 Romanis
887 1924 998 2010 belle,
1018 1939 1055 1994 et
1069 1926 1258 2023 iirpolllei-

194 2051 270 2106 tam
289 2035 554 2132 deprecatorem
573 2036 677 2132 apud
689 2052 853 2106 serratam
862 2038 1035 2126 salarum
1045 2065 1057 2122 ;
1067 2053 1209 2132 petere,
1227 2045 1261 2110 si

185 2160 340 2241 possent
354 2145 519 2216 inducere
534 2151 571 2214 in
587 2151 751 2216 animam
759 2199 770 2231 ,
791 2147 976 2240 atfinr‘ant
987 2151 1098 2230 iram,
1116 2173 1155 2216 se
1168 2173 1258 2244 qao-

193 2280 266 2352 que
284 2261 321 2324 in
337 2261 457 2350 graa'a
476 2241 724 2326 r'econciltarae.
732 2261 840 2351 parra
854 2279 965 2351 posse
985 2260 1045 2324 ati.
1067 2259 1150 2326 Haec
1169 2258 1259 2354 regii

194 2364 310 2462 legati.
327 2364 480 2450 Rhodii,
502 2364 656 2461 superbe
677 2365 966 2436 commemoratis
982 2387 1064 2461 erga
1079 2365 1257 2461 populum

230 2561 255 2590 a.
265 2541 394 2606 Pamphyli
406 2545 498 2608 legati,
514 2556 561 2592 eta.
573 2545 616 2608 qui
628 2555 703 2592 status
747 2560 831 2591 manos
838 2559 936 2607 quoque
943 2560 968 2591 se
976 2555 1000 2590 et
1008 2559 1081 2606 opera
1090 2561 1131 2590 ena
1139 2545 1174 2591 uti
1182 2545 1257 2594 intali

194 2621 344 2686 Pamphyliae
366 2621 415 2670 hoe
440 2633 548 2686 tempore
568 2640 596 2670 aa
617 2622 703 2671 deinde
747 2639 773 2670 re
786 2634 810 2670 et
824 2625 848 2669 in
861 2621 1014 2670 concilianda
1027 2639 1103 2687 paee,
1117 2633 1159 2670 ant
1176 2639 1257 2682 nuno,

194 2703 281 2759 fuerit,
298 2701 381 2749 Neris.
401 2703 489 2751 Cenot.
504 2703 552 2749 Pis.
563 2704 601 2762 II,
618 2717 645 2748 11
662 2718 704 2748 ex·
747 2713 790 2749 aut
802 2701 850 2748 alio
865 2712 986 2766 tempore,
1000 2718 1086 2765 posse,
1102 2703 1258 2764 quemadmo-

195 2779 355 2844 ponit;Duli.
365 2807 400 2816 -·-
412 2781 535 2828 Coronam
545 2796 660 2836 auream,
672 2795 704 2826 ea
748 2779 807 2826 dum
819 2796 883 2827 nnnc
896 2782 994 2827 Persem
1007 2791 1104 2837 utatur,
1117 2783 1174 2828 Ern.
1188 2781 1258 2828 Idem

195 2861 249 2908 XX
253 2859 356 2907 millibus
366 2859 559 2924 Philippeorum,
568 2874 704 2918 aureorum,
748 2873 806 2905 vero
816 2858 901 2920 jungit
909 2857 957 2904 alio
969 2858 1024 2905 loco
1029 2869 1126 2920 petere,
1137 2873 1162 2904 se
1167 2874 1256 2922 possa,

195 2938 342 2995 atridem,
351 2937 463 3004 sartam,
481 2936 507 2986 h.
521 2955 542 2985 e.
553 2953 638 2986 eorum
650 2951 704 3001 pne·
747 2937 888 2998 ditatumque
898 2947 969 2999 putat
977 2953 1023 2999 pro
1031 2947 1157 2998 repetere,
1166 2948 1257 3000 arpos·

195 3019 257 3065 tium
270 3027 421 3080 sequentem:
438 3016 481 3063 aad
495 3015 531 3063 sio
551 3030 641 3062 corona
660 3030 706 3078 po·
747 3013 786 3061 sit.
800 3013 872 3061 Conf.
885 3016 1029 3075 XXXVII,
1044 3022 1092 3075 49,
1107 3029 1133 3060 n.
1151 3029 1173 3062 1.
1191 3017 1258 3063 Nota

195 3096 341 3160 pallaeque
350 3096 433 3159 magni
443 3111 523 3158 neque
532 3093 614 3141 divitis
624 3092 705 3157 pretia
748 3094 826 3140 Gron.
836 3103 886 3139 est:
896 3115 909 3134 α
918 3093 965 3140 Hie
976 3107 1076 3156 quoque
1084 3093 1200 3141 inimanti
1211 3094 1258 3142 nli·

195 3176 269 3238 longe
281 3175 404 3239 superabit
414 3191 467 3231 em,
482 3189 542 3238 qum
556 3172 597 3220 alti
610 3171 704 3221 obtule·
748 3169 817 3233 qnid.
837 3172 895 3218 Non
912 3169 1014 3218 dubium
1033 3181 1113 3218 tamen
1128 3172 1259 3235 legendnm

195 3265 254 3302 inm
265 3254 342 3319 (conl.
354 3254 386 3301 ad
396 3255 513 3313 xxxa,
523 3269 568 3314 πῃ
581 3251 703 3309 XXXVI,
747 3261 874 3314 esperare,
888 3250 908 3297 ai
919 3250 1025 3314 integra,
1035 3265 1089 3312 qua
1102 3251 1258 3314 premam,

197 3333 247 3392 3⁵3
258 3335 353 3390 xum,
370 3329 395 3395 6)
406 3348 412 3380 :
427 3347 501 3395 qnare
517 3332 598 3379 forsan
606 3331 657 3394 'legi
672 3346 704 3377 aa
747 3343 792 3376 nea
802 3329 900 3376 luerunt
909 3342 915 3374 :
924 3343 951 3375 se
960 3328 1128 3393 lispollr'citum
1138 3328 1163 3376 d.
1173 3348 1198 3377 a.
1208 3347 1227 3378 s.
1230 3331 1258 3394 s

198 3413 226 3458 Χ
232 3411 362 3476 velpotins
371 3427 403 3458 aa
416 3413 445 3458 11
457 3411 560 3458 millibus
569 3412 598 3458 P.
608 3428 618 3466 ,¹
629 3409 703 3458 Dralr.
743 3419 836 3470 petere.
855 3411 961 3454 Istorum
975 3425 1001 3454 se
1012 3423 1125 3472 qaoque,
1142 3419 1190 3456 eto.
1206 3425 1259 3460 aaa·

133 3517 139 3522 ·
196 3490 334 3554 -VIginti
354 3489 429 3536 millia
446 3505 600 3538 nummorum
610 3488 705 3552 Philip·
748 3501 803 3534 sam
818 3487 908 3534 video:
922 3503 947 3534 se
965 3499 1064 3551 quoque
1081 3487 1178 3536 admitti
1191 3489 1259 3536 inter

197 3584 299 3634 paurum
312 3568 389 3616 redire
398 3569 432 3617 ait
443 3568 557 3618 Cres-‚ud
571 3567 705 3626 toolibms
747 3564 915 3630 pacificatores
928 3583 1015 3631 posse,
1029 3577 1052 3613 et
1066 3578 1158 3632 partem
1176 3566 1258 3630 patin

197 3664 308 3696 romanae
334 3648 437 3712 pondo,
464 3663 555 3696 mareas
584 3659 705 3695 noemma
747 3645 1259 3709 inreconciliatapaeelerre.llaeoeonon-

198 3729 258 3776 625,
278 3729 341 3775 Mox
360 3743 476 3774 summam
499 3727 581 3774 binum
600 3726 704 3774 millium
747 3723 812 3771 nihil
830 3723 856 3771 in
873 3723 961 3772 verbis.
980 3723 1073 3771 Possis:
1090 3723 1258 3786 sequaquam

198 3806 327 3856 oerisidem
340 3807 472 3870 aequiparat
480 3805 566 3853 mareis
574 3805 668 3868 argenti
681 3805 704 3864 3,
746 3803 831 3868 gratia
849 3821 870 3850 r.
885 3801 957 3866 paris
980 3803 1016 3848 ati
1032 3811 1205 3864 panormum
1216 3817 1258 3865 po-
1292 3852 1296 3864 ‚

198 3901 254 3932 earn
263 3886 336 3933 aneia
352 3887 429 3932 nlla.
588 3901 591 3908 ·
749 3899 806 3931 nere
822 3883 930 3946 aliquem
955 3882 980 3928 ia
998 3879 1083 3945 gracia
1097 3880 1135 3927 v‘el
1150 3880 1259 3944 gratiam

236 3965 261 4011 3:
268 3966 298 4010 Se
307 3981 363 4012 cum
372 3963 487 4010 Romani}
495 3961 667 4016 stetisseavide
674 3962 706 4010 ad
749 3977 796 4026 pro
803 3977 809 4010 ε
816 3962 917 4020 alicujus
926 3960 992 4024 apud
1000 3959 1105 4021 aliquem
1116 3967 1172 4021 erga
1178 3958 1259 4023 ipsam

200 4043 372 4102 v111,3t‚n.
388 4059 409 4089 1.
420 4069 454 4078 -
463 4043 493 4087 Se
505 4056 601 4104 quaque
615 4040 638 4086 in
650 4055 707 4104 gra·
750 4051 792 4088 aut
815 4055 862 4104 pro
882 4033 912 4086 'eo
934 4039 1041 4086 studium
1056 4053 1260 4094 commemorare,

200 4119 236 4172 aia
249 4120 412 4168 reconciliata
425 4119 494 4183 pacis
505 4135 578 4182 posse
594 4117 640 4174 ati,
659 4119 707 4167 ilo·
752 4131 775 4170 et
788 4119 821 4168 ita
836 4117 929 4167 efficere
941 4135 996 4168 eum
1013 4118 1078 4182 apud
1095 4119 1195 4166 alteram
1208 4131 1259 4179 gra·

990 4309 993 4316 ¹
1027 4202 1086 4274 13.
