2976 4712
265 379 336 460 lioo
672 324 922 450 EPITOMAE

262 497 372 568 aedilis
396 497 529 568 curulis
555 496 624 568 fuit
647 523 714 597 per
739 499 918 572 forensem
934 499 1138 576 ,factionem
1165 521 1325 580 creatus:

261 633 343 704 quae
369 631 483 704 quum
510 610 653 679 comitia
683 625 721 680 et
749 635 917 709 campum
944 611 1128 702 turbaret,
1158 618 1258 688 etin
1286 619 1326 690 iis

259 731 409 815 propter
424 717 551 788 nimias
565 719 658 790 vires
676 718 934 809 dominaretur,
952 747 972 792 a
990 726 1033 814 Q.
1053 723 1162 795 Fabio
1179 750 1325 800 censore

257 828 476 923 inquatuor
500 827 616 900 tribus
633 829 776 915 redacta
792 846 865 920 est,
884 857 973 929 quas
990 833 1148 906 urbanas
1168 836 1327 934 appella*

257 938 330 1006 vit:
349 961 463 1033 eaque
484 936 671 1010 resFabio
692 941 850 1010 Maximo
871 965 1006 1013 nomen
1029 942 1166 1014 dedit².
1190 950 1234 1016 In
1257 947 1324 1020 hoc

257 1044 352 1118 libro
378 1049 514 1118 mentio
538 1033 733 1119 Alexandri
759 1052 901 1148 Magni,
919 1053 995 1176 'qui
1020 1054 1248 1152 temporibus
1269 1057 1323 1130 his

256 1155 343 1241 fuit3
366 1172 420 1244 et,
442 1157 620 1228 aestimatis
633 1159 767 1282 populi
788 1164 929 1231 romani
933 1161 1112 1250 viribus,
1136 1189 1216 1262 quae
1238 1171 1322 1238 turic

255 1282 378 1353 erant,
369 1247 640 1363 colligitur,
614 1292 643 1339 st
662 1239 898 1358 Alexander
889 1297 926 1342 ιιι
950 1273 1086 1345 Italiam
1108 1275 1321 1370 trajecisset,

256 1403 331 1448 non
350 1391 423 1448 tam
439 1373 629 1449 facilem
598 1403 631 1448 er
650 1381 834 1451 victoriam
849 1381 894 1453 de
909 1383 1049 1481 populo
1063 1408 1216 1456 romano
1230 1385 1321 1478 fore,

214 1481 217 1488 ’
256 1511 365 1586 quam
384 1487 430 1558 de
443 1487 487 1556 iis
500 1487 684 1584 gentibus,
703 1513 792 1586 quas
816 1491 861 1562 ad
882 1492 1070 1564 Orientem
1084 1493 1240 1591 imperio
1257 1519 1321 1566 suo

257 1597 469 1693 subjecerat.

552 1723 785 1812 senona
813 1745 956 1812 matu
986 1747 1029 1814 ιι.

301 1911 460 1982 Coloniae
486 1909 648 1983 deductae
671 1927 756 1992 sunt
777 1915 885 2000 Sora,
908 1927 945 1983 et
968 1911 1075 2003 Alba,
1096 1927 1133 1984 et
1154 1915 1318 1986 Carseoli.

251 2023 359 2092 Marsi
372 2023 411 2091 in
425 2019 647 2092 deditionem
661 2021 798 2119 accepti
813 2036 906 2092 sunt.
923 2020 1124 2118 Collegium
1142 2047 1320 2119 augurum

251 2131 460 2229 ampliatum
475 2147 543 2218 est,
554 2113 596 2202 ut
607 2145 725 2203 essent
740 2155 892 2219 novem,
907 2129 1023 2228 quum
1037 2147 1143 2204 antea
1154 2139 1320 2230 quaterni

251 2239 410 2312 fuissent.
432 2245 507 2312 Lex
529 2241 574 2312 de
596 2241 854 2339 provocatione
875 2240 920 2340 ad
941 2243 1121 2340 populum
1140 2268 1160 2314 a
1177 2243 1320 2315 Valerio

249 2350 399 2424 consule
419 2365 508 2420 tunc
530 2351 676 2421 tertium
702 2349 772 2421 lata
797 2361 886 2422 est‘.
918 2355 1007 2422 Duae
1034 2351 1153 2424 tribus
1172 2353 1319 2450 adjectae

249 2477 354 2556 sunt,
372 2461 537 2532 Aniensis
558 2474 593 2532 et
614 2462 815 2532 Terentina.
834 2461 1055 2533 Samnitibus
1070 2462 1208 2534 bellum
1228 2465 1318 2538 indi-

198 2571 202 2584 '
248 2589 366 2660 ctum,
391 2586 428 2642 et
450 2570 619 2642 adversus
644 2595 706 2640 eos
732 2594 825 2668 saepe
843 2594 1016 2669 prospere
1034 2588 1234 2671 pugnaturn
1254 2590 1315 2646 est.

249 2685 373 2772 Quum
388 2681 558 2752 adversus
570 2685 758 2768 Etruscos,
776 2679 953 2768 Umbros,
969 2685 1162 2776 SamniteS,
1178 2685 1318 2773 Gallos,

222 2813 224 2820 ⁴
247 2800 285 2865 P.
300 2794 413 2866 Decio
434 2807 471 2862 et
488 2794 531 2881 Q.
548 2791 658 2862 Fabio
674 2790 848 2880 ducibus,
867 2807 1106 2892 pugnaretur,
1127 2819 1316 2866 romanus-

247 2929 320 3002 que
339 2901 517 2975 exercitus
532 2904 570 2973 in
584 2902 742 2972 maximo
761 2916 855 2972 esset
872 2901 1096 2990 discrimine,
1114 2909 1150 2974 P.
1167 2907 1315 2993 Decius,

246 3029 422 3112 sequutus
440 3013 648 3110 exemplum
670 3013 802 3110 patris,
823 3012 969 3084 devovit
991 3037 1028 3084 se
1049 3039 1116 3110 pro
1138 3017 1313 3103 exercitu,

202 3121 206 3126 ’
246 3141 283 3196 et
300 3138 418 3196 morte
444 3148 507 3198 sua
531 3123 719 3194 victoriam
745 3124 823 3219 ejus
848 3147 977 3221 pugnae
1001 3121 1139 3222 populo
1163 3149 1314 3196 romano

248 3233 357 3306 dedit.
372 3233 535 3332 Papirius
548 3236 681 3332 Cursor
693 3235 907 3310 Samnitium
924 3225 1136 3322 exercituin,
1151 3236 1215 3332 qui
1221 3236 1315 3330 jure

242 3345 399 3441 jurando
414 3343 629 3431 obstrictus,
644 3369 718 3441 quo
733 3343 869 3438 majore
882 3345 1080 3434 constantia
1093 3345 1235 3416 virtutis
1248 3371 1316 3444 pu·

245 3469 389 3553 gnaret,
405 3454 443 3524 in
459 3455 573 3525 aciem
587 3452 839 3539 descenderat,
859 3451 963 3522 fudit.
982 3455 1120 3524 Census
1137 3467 1237 3525 actus
1251 3469 1313 3527 est.

245 3571 415 3637 Lustrum
431 3562 628 3635 conditum.
644 3567 759 3634 Censa
777 3578 861 3634 sunt
880 3563 1011 3633 civium
1030 3564 1145 3660 capita
1158 3561 1313 3642 ducenta

246 3675 449 3772 sexaginta²
465 3672 539 3744 duo
553 3673 664 3744 millia
678 3687 713 3744 et
726 3686 886 3747 trecenta
899 3673 1025 3770 viginti
1039 3673 1122 3744 duo.

281 3858 306 3889 a.
316 3842 402 3904 anue
421 3855 459 3887 res
475 3835 555 3887 'Fabio
572 3854 660 3886 nomen
686 3837 755 3886 dedit
796 3837 858 3888 olim
870 3835 1312 3900 mueprimumlegebatur.Correxit

246 3920 372 3978 Maximo,
383 3934 520 3983 cognomen
528 3918 644 3978 Maximi,
652 3929 680 3966 ut
688 3916 754 3982 apud
798 3916 912 3980 Sigonius
922 3931 953 3963 ex
960 3915 1025 3963 Livii
1038 3925 1062 3962 et
1073 3914 1181 3963 historie
1193 3912 1251 3963 fida
1264 3917 1310 3964 Eu.

245 3997 404 4056 mamm
420 4007 481 4045 extr.
496 3997 535 4046 stc
550 3995 756 4062 inEpit.11,cui
798 4021 833 4033 -
845 3993 1011 4061 Jurejuraado
1030 3992 1171 4050 obstrictus,
1192 3989 1223 4041 ¹ut
1244 3993 1311 4058 apud

246 4075 358 4122 Vindicio
371 4075 523 4140 nomensuit‚
534 4086 559 4122 et
569 4074 664 4123 similia.
795 4073 848 4122 niv.
859 4075 897 4133 X,
910 4075 957 4133 38,
970 4081 994 4132 a,
1005 4087 1016 4118 1
1028 4071 1061 4120 al.

280 4154 350 4206 Rrrr.
362 4157 395 4201 X.
410 4169 433 4201 1.
448 4155 514 4200 Tunc
525 4153 621 4201 tertium
632 4154 686 4202 lata
698 4165 752 4210 est;
832 4169 857 4200 2.
873 4151 962 4216 Capita
977 4151 1082 4200 ducenta
1094 4148 1241 4214 sexaginta,
1261 4160 1309 4199 ute.
