2982 4702
235 307 358 410 ᾑςὲςξζζς
389 328 484 395 nro.
512 327 652 394 xnus.
680 325 849 420 suern.
877 327 984 394 car.
1013 327 1076 396 1v.
1205 328 1266 400 131

209 449 374 538 ingentem
389 443 531 536 praedam
548 445 691 510 abduxit.
716 446 849 513 Movere
871 446 935 511 boc
959 466 1047 512 anno
1068 448 1221 516 Celtiberi
1241 453 1275 522 in

208 551 362 640 Hispania
377 549 500 614 bellurn
513 549 686 638 instigante
698 571 785 613 novo
801 547 884 614 duce
898 550 1052 633 Olonico,
1067 549 1276 621 Salondicnm

208 653 341 741 quidam
364 667 492 716 vocant.
515 651 566 731 Is,
591 651 717 728 summa
740 651 911 716 calliditate
936 668 970 716 et
996 653 1129 726 audacia
1150 655 1276 724 hastam

206 741 392 844 argenteam
408 741 557 849 quatiens
577 752 667 816 velut
689 753 767 816 caelo
792 753 922 817 missam
941 754 1127 821 vaticinanti
1146 757 1275 844 similis,

206 855 356 920 omniurn
370 855 455 936 inse
471 869 597 946 mentes
615 869 827 918 converterat.
847 854 910 942 Sed
928 877 1031 943 quum
1053 858 1122 944 pari
1145 862 1276 925 temeri.

206 973 271 1022 tate
287 973 389 1021 castra
408 954 554 1044 praetoris
570 955 719 1038 romani,
740 977 808 1018 uno
831 955 946 1020 furiosi
966 957 1092 1022 consilii
1112 962 1202 1026 socio
1222 985 1275 1028 as·
1300 987 1302 995 ’

206 1074 354 1146 sumpto,
372 1056 433 1120 sub
453 1070 583 1120 noctem
606 1055 751 1142 adiisset,
773 1072 944 1144 praetorem
966 1057 1115 1124 videlicet
1137 1063 1274 1129 obtrun-

205 1175 352 1240 caturus‚
368 1157 460 1238 juxta
480 1155 659 1220 tentorium
680 1157 787 1245 ipsum
813 1158 880 1245 pilo
902 1159 1008 1248 uigilis
1020 1179 1180 1250 ,exceptus
1206 1184 1272 1232 est:

204 1259 310 1325 socius
335 1283 426 1350 pares
451 1257 560 1323 stolidi
580 1258 701 1346 incepti
723 1281 833 1346 poenas
860 1259 931 1324 luit.
963 1261 1146 1327 Amborum
1169 1267 1273 1355 capita

203 1360 334 1450 praecidi
358 1360 465 1424 statim
487 1358 582 1438 jussit
603 1371 739 1446 praetor,
763 1373 861 1447 atque
880 1360 979 1425 hastis
1000 1361 1115 1426 suffixa
1140 1364 1271 1435 delectis

140 1457 143 1461 ’
204 1484 222 1525 e
255 1484 392 1526 numero
426 1461 627 1548 captivorum
661 1460 745 1524 tradi
775 1461 816 1526 ad
849 1485 926 1527 snos
954 1465 1160 1552 perferenda.
1193 1471 1269 1561 Hi]

202 1575 345 1633 tantum
372 1585 543 1660 pavorem
572 1561 743 1658 ingressi1
768 1577 908 1653 castra,
933 1577 1156 1642 ostentantes
1180 1575 1272 1672 capi·

138 1663 142 1672 ⁸
201 1685 257 1760 ta,
274 1669 458 1760 fecerunt,
483 1687 542 1756 ut,
567 1672 596 1742 si
615 1669 782 1743 admotus
804 1675 987 1772 extemplo
1012 1679 1270 1754 exercitus'fo·
1337 1693 1339 1701 ’

184 1797 272 1873 ret,
290 1783 371 1881 capi
394 1791 508 1854 castra
528 1783 726 1879 potuerint.
753 1787 845 1854 Turn
870 1808 1018 1881 quoque
1040 1783 1123 1883 fuga
1143 1787 1270 1887 ingens

199 1891 292 1965 facta
318 1907 396 1965 est:
417 1889 454 1964 et
474 1904 597 1979 erant,
616 1892 681 1989 qui
703 1891 838 1989 legatos
860 1895 1058 1966 mittendos
1077 1896 1121 1966 ad
1142 1921 1269 1995 pacem

198 2004 370 2104 precibus
401 2002 627 2102 petendam²
663 2018 874 2093 censerent;
907 2005 1141 2103 civitatesque
1171 2032 1268 2080 com-

198 2116 342 2214 plures,
368 2125 413 2187 eo
440 2115 571 2185 nuntio
601 2113 744 2202 audito,
771 2115 809 2184 in
832 2113 1056 2185 deditionem
1077 2132 1266 2189 venerunt.

197 2211 342 2326 Quibus
373 2213 614 2324 purgantibus
650 2247 752 2313 sese,
788 2225 1004 2324 culpamque
1037 2227 1077 2296 iu
1108 2226 1267 2302 duorum

149 2399 150 2404 ,
198 2337 390 2418 amentiam
411 2331 701 2423 conferentibus,
720 2336 838 2432 quise
856 2335 953 2406 ultro
971 2334 1017 2406 ad
1035 2361 1181 2434 poenam
1198 2340 1267 2437 ipsi

196 2445 435 2531 obtulissent,
455 2467 570 2542 quum
582 2444 725 2515 veniam
742 2444 898 2515 dedisset
914 2457 1064 2542 praetor3
1080 2444 1266 2543 profectus

196 2549 379 2657 cntemplo
396 2555 443 2627 ad
461 2555 545 2627 alias
564 2555 742 2645 civitatee,
760 2553 930 2656 omnibus
946 2555 1120 2653 imperata
1137 2553 1266 2630 facien-

195 2669 313 2758 tibus,
345 2669 470 2766 quieto
499 2667 661 2737 exercitu
685 2680 852 2762 pacatum
883 2689 1030 2762 agrum,
1063 2667 1127 2764 qui
1153 2669 1263 2765 paulo

194 2795 278 2851 ante
293 2777 433 2876 ingenti
449 2774 610 2846 tumultu
628 2789 780 2863 arserat,
799 2777 1011 2875 peragravit.
1030 2781 1115 2846 Haec
1133 2776 1261 2850 lenitas

194 2888 374 2991 praetoris,
391 2910 463 2984 qua
482 2885 560 2956 sinc
576 2879 754 2983 sanguine
768 2875 1026 2970 ferocissimam
1040 2898 1183 2982 gentem
1200 2887 1263 2960 do·

194 3013 354 3087 muerat,
373 3022 418 3068 eo
442 2997 576 3094 gratior
594 2994 695 3092 plebi
719 2993 962 3092 Patribusque
975 2991 1062 3083 fuit,
1084 2999 1159 3090 quo
1179 3021 1261 3069 cru·

192 3110 308 3181 delius
327 3108 541 3202 avariusque
565 3105 604 3175 in
629 3106 765 3176 Graecia
788 3103 967 3176 bellatum-
985 3118 1022 3175 et
1043 3101 1089 3176 ab
1111 3097 1259 3180 consule

191 3220 328 3292 Licinio
350 3233 386 3289 et
410 3214 456 3288 ab
479 3216 649 3287 Lucretio
674 3223 827 3313 praetore
854 3217 941 3285 erat.
964 3217 1174 3286 Lucretium
1192 3217 1258 3288 tri·

189 3328 280 3401 huni
295 3327 411 3428 plebis
423 3325 612 3397 absentem
622 3325 860 3398 concionibus
874 3323 1025 3397 assiduis
1039 3325 1256 3416 lacerabant,

191 3464 307 3538 quum
328 3435 536 3536 reipublice
554 3461 661 3508 causa
682 3436 806 3510 abesse
824 3451 1079 3508 excusaretur:
1098 3437 1255 3510 sedtum

222 3667 286 3716 Car.
305 3666 348 3714 IV.
368 3680 390 3712 r.
408 3663 512 3710 Tantum
524 3669 643 3724 pavorem
659 3658 698 3706 in·
739 3637 807 3701 binio
821 3667 891 3718 proc.
905 3652 933 3700 in
945 3651 1106 3712 Macedonia,
1121 3651 1205 3716 Sigon.
1218 3653 1256 3700 De

184 3744 274 3811 gressi,
289 3755 335 3793 etc.
346 3741 522 3791 Desiderantur
531 3739 556 3788 h.
566 3739 584 3789 l.
597 3738 698 3788 comitia
741 3731 814 3780 initio
826 3747 880 3797 cap.
893 3731 948 3780 ride
959 3731 991 3780 ad
1004 3731 1070 3796 Epit.
1081 3747 1108 3778 n.
1121 3731 1148 3778 3.

186 3837 211 3874 et
237 3822 390 3882 consularia,
410 3819 500 3884 quibus
522 3819 553 3867 A.
578 3818 699 3866 Hostilius
777 3811 857 3860 aaa
872 3825 961 3874 pacem
975 3809 1089 3874 precibus
1102 3807 1253 3872 petendam,-

185 3903 316 3953 Manoinus
324 3915 350 3952 et
359 3905 390 3952 A.
408 3900 498 3950 santus
511 3900 628 3947 Serranus
641 3912 700 3944 coa·
742 3891 799 3940 ride
811 3891 906 3948 ³1le,
923 3889 968 3947 16,
981 3904 1007 3935 n.
1022 3889 1045 3936 3.
1057 3914 1092 3923 -
1105 3887 1254 3952 culpamque

185 3984 250 4032 soles
261 3984 399 4041 institunt,
410 3978 559 4043 etpraetoria
569 3986 699 4024 cumscrte
743 3971 891 4020 indueram
910 3967 1084 4016 amentiam...
1106 3967 1138 4014 ab
1158 3970 1256 4017 consule

185 4062 382 4129 provinciarum:
394 4060 453 4106 item
465 4073 504 4106 res
518 4067 591 4122 gestae
601 4071 615 4104 a
624 4057 651 4104 Ρ.
662 4054 699 4102 Li·
744 4049 853 4108 Licinio,
867 4061 915 4098 etc.
924 4047 983 4096 ride
997 4046 1029 4094 ad
1043 4044 1108 4110 Epit.
1123 4062 1149 4096 n.
1166 4064 1177 4096 1
1192 4054 1217 4096 et
1231 4049 1255 4094 3·

1050 4161 1085 4233 9.
