2966 4708
429 293 1065 390 narasusrru'srsumm.
1205 317 1271 415 567

261 445 326 526 Qui
350 442 399 523 iit,
420 443 527 524 aiunt,
552 457 595 524 ut,
604 442 807 530 linquentem
825 443 981 524 Faesulas,
1008 441 1270 531 praetergredien-

218 563 349 634 temque
375 546 491 608 Arretii
506 543 646 625 moenia,
673 545 848 608 Flaminius
871 545 1048 608 Cortonam
1075 559 1182 632 petere
1203 544 1274 607 Poe·

120 659 123 664 '
217 669 298 710 num
312 647 514 710 illacessitum
528 667 639 733 passus
653 645 694 708 sit
704 644 718 707 i
727 645 793 726 Qui
807 643 844 708 fit
859 659 985 725 autem,
1007 646 1188 725 rejiciamus
1204 667 1275 726 nos,

217 765 255 812 ut
268 764 379 837 postea
395 747 594 811 allicientise
607 745 779 820 Hannibali
793 746 883 833 quasi
894 745 1097 833 obsequutus
1112 747 1164 828 sit,
1179 765 1276 832 seque

216 851 250 912 in
270 872 345 914 eum
360 849 468 913 locum
486 870 583 935 quem
592 848 754 912 Hannibal
771 846 982 911 destinaverat
996 843 1123 936 pugnae,
1134 849 1227 935 quasi
1237 849 1277 916 itt

149 939 151 946 ’
217 948 349 1014 insidias
380 948 572 1014 immiserit?
595 949 772 1035 Utriusque
797 971 891 1012 causa
916 949 984 1012 haec
1006 973 1073 1038 una
1101 967 1169 1031 est,
1189 950 1279 1038 quod

217 1051 392 1116 Flaminius
406 1051 540 1116 omnino
555 1047 631 1113 belli
647 1047 736 1113 rudis
753 1065 830 1113 erat.

260 1151 435 1216 Veniamus
452 1175 541 1215 nuuc
558 1148 599 1213 ad
618 1150 807 1238 opinionem
826 1150 974 1212 omnium
990 1151 1123 1236 minime
1134 1153 1277 1239 proban·

216 1252 302 1334 dam,
316 1275 453 1340 quaeque
468 1270 499 1316 et
516 1253 651 1335 rationi,
667 1268 699 1315 et
716 1252 794 1315 locis
802 1268 948 1315 veterum
965 1268 1136 1316 auctorum
1154 1253 1277 1336 citatis,

218 1354 286 1418 sive
299 1353 481 1434 mendosis,
498 1354 563 1418 sive
577 1352 755 1418 emendatis
772 1369 931 1441 repugnat
943 1376 950 1416 :
961 1365 1057 1440 quam
1074 1353 1278 1421 Panleolinus

216 1469 249 1517 et
260 1457 357 1519 Diuus
370 1455 465 1542 primi
476 1468 732 1542 proposuerunt,
745 1471 857 1542 postea
870 1454 1278 1520 renovavitillustrissimus

217 1557 455 1643 equesFolard,
471 1555 765 1641 saluberrimusque
776 1555 961 1619 Parisiensis
970 1553 1147 1618 Academiae
1159 1557 1278 1621 Rector

217 1655 323 1720 Rollin
341 1658 402 1722 sibi
421 1671 553 1743 quoque
578 1657 751 1743 assumpsit
771 1678 914 1744 :nempe
940 1655 1072 1745 paludes
1095 1678 1161 1720 non
1186 1660 1219 1720 in
1240 1679 1276 1722 ea

217 1758 364 1845 regione,
379 1781 450 1846 quae
468 1773 579 1820 riuum
597 1757 733 1847 Liguriae
750 1758 792 1821 sit
807 1781 848 1821 an
865 1757 1001 1830 Etruriae
1014 1759 1199 1847 ambigitur,
1220 1761 1276 1824 sed

217 1858 251 1921 iu
274 1861 388 1924 intima
403 1862 556 1936 Etruriae,
584 1860 879 1947 quantulacumque
897 1863 956 1935 sit,
970 1875 1079 1948 parte,
1103 1883 1170 1923 non
1195 1862 1278 1924 eirca

217 1959 428 2050 Florentiam,
458 1960 515 2025 sed
540 1962 623 2024 circa
649 1961 812 2041 Clusium,
840 1984 908 2024 non
931 1983 1023 2025 secus
1052 1962 1196 2044 Arnum,
1221 1963 1277 2026 sed

217 2079 308 2123 secus
331 2062 463 2124 Clanem
481 2084 629 2142 amnem,
647 2083 715 2125 esse
733 2062 816 2126 sitas.
1153 2090 1158 2116 t

230 2165 232 2170 ’
261 2161 327 2242 Qui
338 2163 447 2248 putuit
468 2162 630 2226 Hannibal
649 2185 724 2226 cum
739 2163 881 2227 exercitu
892 2163 977 2226 inter
991 2163 1172 2226 Ariminum
1185 2164 1286 2244 etArg
1351 2242 1353 2248 s

216 2263 334 2326 retium
354 2265 399 2327 ita
422 2265 590 2328 instituere
607 2265 682 2345 iter,
699 2280 736 2328 ut
756 2265 923 2328 consulem
940 2281 1116 2352 utrumque
1140 2265 1277 2328 vitaret?

217 2380 287 2426 tum
308 2383 477 2452 ,superato
507 2365 679 2454 Apennino
708 2365 815 2428 statim
844 2365 989 2429 Clusium
1019 2365 1212 2453 pervenire?
1246 2381 1278 2428 at

217 2464 367 2556 llmbria,
385 2489 452 2529 non
473 2468 602 2557 Liguria
620 2482 687 2530 erat
709 2467 930 2556 peragranda:
951 2466 1156 2547 trajiciendus
1180 2469 1276 2531 etiam

216 2563 363 2650 superior
377 2565 526 2646 Tiberis,
538 2566 627 2654 unde
645 2568 736 2630 facile
754 2569 858 2630 Roma
878 2585 1052 2655 peteretur.
1069 2571 1112 2631 At
1130 2570 1274 2631 Clusium
1363 2643 1365 2648 Ι

217 2665 349 2745 venerit,
361 2665 435 2727 vulo
444 2690 453 2747 ;
463 2666 663 2752 quin,quum
674 2667 769 2754 longe
781 2667 906 2730 abesset
917 2667 1105 2746 Flaminius,
1119 2684 1204 2730 recta
1215 2668 1276 2732 Pe-

216 2768 335 2830 rusiam
351 2784 448 2855 atque
460 2765 536 2830 inde
550 2768 686 2829 Romam
697 2765 860 2847 tendebat,
876 2765 997 2829 nedum
1006 2782 1128 2852 peteret
1141 2770 1276 2832 Faesulas

217 2868 478 2957 praetergrediens
495 2868 674 2949 Arretium,
691 2867 783 2946 cujus
803 2867 864 2930 sub
881 2868 1042 2930 moenibus
1057 2869 1175 2932 iterum
1188 2847 1278 2934 inne:

218 2969 362 3034 dandum
375 2969 476 3051 foret,
492 2992 593 3056 quum
601 2968 739 3032 Faesulas
752 2968 915 3054 linquens,
928 2968 1093 3031 Perusiam
1105 2971 1275 3059 lacumque

217 3073 377 3158 petiturus
408 3070 516 3135 esset?
540 3069 716 3151 Quomodo
741 3083 848 3132 autem
873 3070 906 3131 in
934 3069 1096 3133 Etruriam
1122 3072 1276 3138 festinans
1341 3125 1345 3132 .

217 3172 349 3260 paludes
366 3173 486 3236 Clusias
505 3170 692 3251 trajecisset,
713 3192 815 3256 quum
830 3193 874 3233 eae
891 3171 924 3231 in
939 3168 1047 3232 medio
1060 3172 1196 3234 Etruriae
1214 3174 1278 3236 sint

217 3274 305 3337 sitae?
316 3276 362 3339 Ea
372 3289 479 3336 umen
492 3271 830 3353 omnia,doctissimus
841 3271 967 3358 Polybii
978 3271 1136 3360 interpres
1146 3273 1276 3353 Fola'rd,

217 3391 386 3462 propterea
399 3373 489 3462 quod
504 3374 593 3462 prius
612 3374 647 3436 in
666 3395 808 3448 errorem
828 3371 1002 3454 inciderat,
1018 3375 1196 3461 proposuit.

260 3477 416 3564 Opinioni
428 3491 534 3539 tamen
557 3497 635 3538 meae
651 3473 798 3561 quaedam
815 3474 1025 3555 objiciuntur,
1038 3475 1180 3560 primum
1193 3476 1275 3540 hoc:

217 3577 273 3663 qui
284 3575 353 3640 fieri
365 3577 482 3664 potuit,
494 3594 532 3640 ut
545 3576 722 3656 Hannibal,
738 3598 839 3662 quum
853 3598 872 3638 a
883 3575 991 3638 Macra
1003 3573 1043 3638 ad
1056 3576 1179 3638 Arnum
1192 3579 1280 3640 veni·

217 3693 283 3757 ret,
297 3678 376 3740 mari
392 3677 524 3765 propior
537 3678 639 3741 factus
651 3699 719 3741 non
731 3678 789 3757 sit,
805 3698 911 3763 neque
921 3698 1035 3740 navem
1048 3677 1174 3740 mittere
1187 3679 1277 3765 prius

217 3779 369 3865 potuerit,
381 3779 623 3869 Carthaginem,
635 3802 748 3865 quam,
765 3777 897 3842 devictis
920 3776 961 3841 ad
977 3779 1084 3840 lacum
1103 3779 1278 3860 Romanis,

217 3879 369 3942 Hadriam
392 3880 579 3945 obtinuerit.
599 3880 698 3968 (Vid.
711 3880 824 3968 Polyb.
839 3880 864 3942 l.'
879 3882 937 3960 111,
956 3902 1023 3966 cap.
1040 3879 1111 3964 88.)
1214 3917 1217 3922 ,

261 3979 343 4042 Mihi
357 3979 486 4044 videtui
501 3977 675 4062 Hannibal,
694 4004 797 4068 quum
812 3981 939 4067 assequi
953 3980 1147 4043 Flaminium
1166 4003 1279 4068 prope·

82 4087 86 4097 '
218 4094 318 4160 raret,
337 4080 527 4168 nullumque
538 4077 646 4146 adhuc
662 4097 814 4146 eventum
832 4081 966 4145 haberet
977 4080 1132 4170 dignum,
1152 4084 1207 4168 qui
1229 4105 1278 4146 se-
