2972 4720
254 407 302 480 eo
680 411 718 475 Τ.
755 409 898 476 mvn
1129 460 1131 465 .
1174 387 1296 492 tfissjggssj

253 527 351 601 male
365 532 483 597 meriti
501 526 725 596 clementiam
731 527 867 623 populi
880 535 1026 598 romani
1037 536 1178 626 experti
1189 549 1324 617 essent,

255 639 346 708 bene
367 635 538 706 merendo
559 634 810 706 liberalitatem
829 643 1089 733 experirentur.
1111 642 1245 712 Boeotis
1263 667 1325 712 ex·

254 747 490 846 probratum,
510 747 716 816 societatem
734 770 797 816 eos
815 771 897 817 cum
917 751 1048 817 Perseo
1062 749 1234 842 junxisse.
1253 752 1324 839 Iis,

253 883 369 955 quum
392 857 534 954 culpam
559 859 596 924 iu
622 859 832 942 Ismeniam,
852 857 1052 953 principem
1077 857 1221 930 alterius
1240 884 1323 958 par·

252 972 297 1040 tis
306 973 333 1056 4,
352 965 576 1054 conferrent,
600 982 636 1037 et
654 966 828 1063 quasdam
845 967 1003 1038 civitates
1019 967 1269 1041 dissentientes
1285 973 1324 1040 in

253 1102 396 1151 causam
417 1075 609 1164 deductas,
636 1083 890 1174 appariturum
916 1075 956 1144 id
978 1102 1070 1164 esse,
1092 1081 1249 1151 Marcius
1270 1107 1325 1151 re-

253 1189 410 1286 spondit,
426 1186 575 1286 singulis
590 1193 681 1257 enim
695 1186 896 1256 ciuitatibus
905 1186 951 1256 de
964 1211 1002 1257 se
1015 1194 1101 1286 ipsu
1114 1191 1326 1261 consulendi

244 1315 462 1395 potestatem
473 1300 654 1388 facturos.
678 1293 930 1366 Thessalorum
952 1295 1186 1368 Larissae.fi1it
1201 1302 1324 1370 conci-

252 1410 353 1480 lium.
373 1408 428 1479 Ibi
447 1423 483 1479 et
499 1406 676 1478 Thessalis
700 1405 857 1502 benigna
879 1407 1026 1480 materia
1047 1407 1175 1504 gratias
1197 1409 1324 1506 agendi

252 1521 422 1591 Romanis
439 1543 507 1617 pro
528 1516 701 1589 libertatis
723 1541 875 1586 munere
896 1513 983 1603 fuit,
1009 1531 1046 1587 et
1064 1515 1204 1612 legatis,
1224 1519 1326 1614 quod

253 1645 289 1700 et
306 1630 464 1727 Philippi
482 1629 583 1725 prius
602 1641 740 1723 etpost
762 1625 932 1696 Antiochi
952 1624 1071 1714 bello,
1095 1628 1195 1698 euise
1211 1629 1325 1722 adjuti

253 1757 395 1838 agente
412 1737 667 1833 Thessalorum
685 1749 816 1806 essent.
837 1738 909 1804 Hac
926 1746 1050 1805 mutua
1068 1759 1324 1808 commemora·

251 1854 351 1922 tione
366 1852 579 1920 meritorum
603 1845 742 1916 accensi
762 1845 872 1914 animi
885 1843 1190 1917 multitudinisad
1203 1850 1324 1918 omnia

253 1957 499 2041 decernenda,
514 1979 594 2051 quas
609 1956 761 2025 Romani
774 1953 919 2024 vellent.
934 1954 1141 2026 Secundum
1155 1955 1226 2028 hoc
1242 1983 1325 2029 con·

255 2069 377 2140 cilium
400 2066 507 2164 legati
527 2067 694 2135 aPerseo
714 2087 798 2160 rege
817 2079 1014 2151 venerunt,
1031 2067 1158 2163 privati
1171 2072 1324 2141 maxime

254 2178 409 2276 hospitii·
420 2174 573 2261 fiducia,
590 2172 690 2271 quod
711 2175 744 2243 ei
761 2188 951 2270 paternum
970 2199 1052 2244 cum
1067 2175 1228 2248 Marcio⁵
1241 2194 1324 2249 erat.

255 2287 311 2358 Ab
331 2287 444 2381 hujus·
459 2283 731 2356 necessitudinis
750 2287 1093 2356 commemoratione
1111 2290 1201 2377 orsi,
1217 2291 1324 2386 petie-

253 2413 342 2472 runt
365 2398 494 2494 legati,
521 2397 558 2465 in
578 2394 803 2490 colloquium
822 2394 991 2464 veniendi
1014 2398 1091 2491 regi
1113 2413 1325 2494 potestatem

159 2553 161 2560 ,
255 2506 398 2580 faceret.
414 2508 586 2591 Marcius,
600 2509 651 2574 Et
661 2529 699 2574 se
712 2510 762 2574 ita
777 2529 801 2572 a
810 2519 916 2600 patre
928 2529 994 2575 suo
1008 2511 1186 2602 accepisse
1190 2561 1202 2594 ,
1217 2504 1324 2595 dixit,

223 2613 228 2619 ’
257 2623 454 2690 amicitiam
472 2616 738 2712 hospitiumque
756 2636 835 2684 curn
854 2612 1161 2711 Philippofuisse.
1177 2621 1326 2685 Minime

258 2736 503 2813 immemorem
525 2723 794 2794 necessitudinis
815 2725 893 2819 ejus
914 2723 1128 2819 legationem
1149 2751 1232 2796 eam
1254 2752 1326 2797 sus·

256 2845 397 2936 cepisse.
426 2831 673 2927 Colloqninm‚
702 2841 735 2903 si
753 2839 841 2903 satis
864 2834 1054 2905 commode
1075 2834 1231 2923 ualeret,
1254 2862 1327 2906 non

244 2954 364 3043 fnisse
385 2947 608 3018 dilaturum:
631 2971 748 3030 nune,
771 2945 835 3017 ubi
851 2952 1011 3044 primum
1020 2966 1168 3046 posset,
1190 2950 1244 3020 ad
1259 2955 1327 3020 Pe-

257 3086 364 3134 neum
371 3061 536 3156 flumen,
556 3081 632 3154 qua
647 3062 814 3127 transitus
831 3057 880 3126 ab
899 3053 1074 3128 Homolio
1091 3064 1204 3132 Dium
1222 3077 1325 3145 esset,

253 3175 471 3270 praemissis,
494 3174 560 3265 qui
576 3173 785 3237 nuntiarent
800 3173 888 3264 regi,
907 3165 1114 3238 uenturos⁶.

309 3285 472 3368 XXXIX.
497 3285 542 3350 Et
565 3293 643 3348 tum
672 3278 818 3374 quidem
844 3276 888 3352 ab
910 3279 979 3349 Dio
999 3284 1150 3351 Perseus
1174 3283 1211 3350 in
1236 3283 1328 3353 inte-

296 3447 320 3494 4.
333 3440 364 3484 In
375 3437 520 3493 Ismeniam,
529 3436 664 3501 principem
674 3437 776 3485 alterins
820 3438 882 3485 forte
897 3439 942 3500 leg.
949 3439 1069 3503 possent(
1079 3456 1113 3486 so.
1125 3440 1231 3488 Marcius
1241 3453 1266 3488 et
1275 3442 1329 3489 Ati-

257 3516 358 3582 partis;
378 3517 444 3564 conf.
460 3531 513 3578 cap.
534 3517 582 3574 43,
599 3527 623 3562 et
643 3515 774 3579 Polybius,
820 3515 903 3579 lius),
914 3527 955 3564 aut
974 3529 1115 3566 venturum.
1127 3545 1159 3554 -
1173 3519 1328 3576 Homolium,

260 3597 376 3652 xxva,
393 3610 415 3653 1,
428 3609 458 3651 a,
472 3593 515 3656 qui
530 3605 611 3640 tamen
629 3595 711 3642 Neoni
724 3595 775 3657 pri·
820 3581 941 3664 bpahios,
967 3583 1057 3664 Opitre
1078 3609 1103 3646 et
1127 3582 1229 3666 bpahn,
1244 3599 1329 3663 oppid.

260 3693 311 3724 mas
332 3675 374 3721 dat
389 3684 477 3738 partes.
492 3699 526 3707 -
535 3674 567 3718 In
583 3688 684 3720 cansam
698 3673 774 3720 dedu·
820 3674 1004 3721 Perrhaeborum
1018 3675 1043 3721 iu
1056 3677 1216 3744 Pelasgiotide
1229 3678 1330 3725 'lhessn-

260 3753 329 3814 ctal,·
343 3755 400 3803 vide
414 3753 446 3801 ad
463 3753 592 3812 xxxvl,
611 3769 635 3811 7,
654 3769 679 3800 n.
701 3754 772 3799 3.-
818 3755 857 3802 liae
876 3755 907 3802 ad
929 3759 1036 3803 Peneum
1058 3756 1083 3804 fl.
1107 3768 1131 3804 et
1149 3741 1243 3826 ὃμολον
1262 3760 1330 3805 Ossae

202 3873 204 3878 .
263 3839 391 3890 Facturus,
402 3849 435 3880 rc.
445 3848 484 3890 se,
501 3830 622 3878 Marcium
630 3843 654 3878 et
661 3831 772 3879 Atilium.
817 3837 907 3882 montis
927 3846 1038 3898 partem3
1059 3837 1171 3885 videatur
1187 3836 1265 3884 Strab.
1280 3839 1331 3894 IX,

262 3913 416 3978 -Bem'gna
434 3909 553 3967 materia,
568 3910 648 3974 larga,
663 3913 771 3974 copiosa.
817 3931 842 3978 p.
854 3917 918 3972 4433
932 3915 1067 3962 Dicaearcb.
1083 3931 1111 3978 p.
1127 3913 1159 3973 3,
1173 3931 1218 3974 ao,
1231 3917 1278 3974 23,
1289 3914 1328 3963 ed.

299 3992 324 4040 5.
339 3990 413 4053 Quod
425 3990 449 4036 ei
462 4000 592 4053 paternum
605 4004 659 4035 anm
676 3989 772 4036 Marcio
817 3995 898 4041 Oxon.
918 3996 1021 4043 Pausan.
1041 3995 1094 4059 IX,
1108 4009 1140 4056 93
1155 3994 1222 4058 Scyl.
1240 3993 1329 4056 Peript.

263 4069 485 4132 erat5'conf.scqq.
816 4087 871 4134 pag.
892 4087 936 4128 ra,
956 4071 994 4120 ed.
1014 4074 1096 4120 Oxou.
1116 4071 1179 4120 Plin.
1196 4073 1239 4130 IV,
1255 4088 1285 4134 9,
1304 4081 1328 4117 et

297 4150 321 4197 6,
338 4145 384 4194 Ubi
392 4145 499 4209 primam
507 4145 628 4206 pomoni.
643 4158 771 4204 venturos,
817 4151 910 4199 Rerkel.
923 4149 954 4197 a'd
964 4151 1047 4214 steph.
1060 4152 1121 4214 ltyz.
1286 4151 1288 4154 ’
