2972 4720
224 351 269 422 36
649 351 686 416 r.
720 349 859 416 mvn
1044 400 1049 408 .
1139 328 1258 430 33:33:
1312 331 1328 380 ⁵
1413 409 1416 416 .

221 475 338 548 Persei
361 473 425 574 qui
446 469 633 564 sequuturi
656 468 846 544 amicitiam
867 484 1004 555 essent,
1027 468 1131 566 legati
1147 472 1284 545 Ariara-
1333 493 1335 498 ·

221 583 312 671 this,
330 605 484 680 puerum
502 578 616 654 filium
635 580 728 675 regis
747 602 868 654 secum
886 577 1120 667 adducentes,
1134 585 1288 656 Romam

221 706 407 768 venerunt.
434 693 598 779 Quorum
621 689 734 760 oratio
756 686 843 776 luit,
860 713 978 784 regem
999 689 1287 786 edmondumfi·

221 801 305 875 lium
322 807 478 870 Romam
491 802 644 883 manse,
660 814 701 870 uc
701 800 787 891 jam
802 798 886 872 inde
903 825 927 870 a
937 823 1058 896 puero
1072 816 1290 872 assuesceret

222 910 381 990 moribus
401 913 559 980 remonis
581 907 870 1004 hominibusque.
893 914 1039 994 Petere,
1058 927 1100 980 ut
1113 935 1196 982 eum
1213 935 1286 982 non

220 1021 288 1098 snb
303 1022 485 1116 hospitam
499 1017 608 1088 modo
613 1024 842 1114 privatorum
855 1018 1037 1104 custodia,
1056 1019 1287 1116 sedpubntae

221 1137 330 1202 etiam
346 1152 443 1202 curce
460 1153 505 1198 ac
521 1127 621 1200 velat
635 1126 755 1200 tutelo
770 1127 907 1200 uellent
919 1153 1004 1199 esse.
1024 1133 1074 1201 Ea
1090 1131 1183 1226 regis
1197 1130 1288 1226 lega-

113 1249 117 1256 “
221 1244 272 1321 tio
297 1254 396 1337 grata
422 1241 560 1310 senatui
585 1234 664 1306 luit.
693 1241 957 1324 Decreverunt,
978 1254 1020 1308 ut
1045 1242 1110 1308 Cn.
1136 1239 1289 1310 Sicinius

222 1367 355 1450 praetor
379 1347 471 1421 ades
491 1349 704 1420 instructasl
730 1347 883 1434 locaret,
911 1347 974 1420 ubi
996 1346 1092 1420 filius
1115 1349 1290 1444 reginen.

223 1464 399 1556 mitesque
424 1457 505 1551 ejus·
524 1455 684 1528 habitare
707 1471 863 1553 possent.
886 1461 931 1528 Et
945 1457 1123 1532 Thracum
1144 1457 1289 1554 legatis,

223 1571 320 1670 apud
350 1595 388 1640 se
416 1565 701 1664 disceptantibus
729 1582 766 1638 et
794 1568 999 1639 societatem
1025 1569 1289 1662 amicitiamque

223 1679 450 1780 petentibus,
467 1693 523 1764 et,
539 1676 639 1773 quod
655 1665 843 1775 petebant,
862 1676 985 1748 datum
1000 1692 1068 1764 est,
1090 1693 1127 1748 et
1139 1701 1290 1751 munera

222 1789 351 1864 binum
374 1786 527 1858 millium
550 1787 628 1858 aeris
655 1811 803 1860 summae
827 1787 866 1857 in
890 1787 1050 1883 singulos
1076 1789 1191 1860 missa.
1215 1794 1290 1858 Hos

224 1902 351 1995 utique
379 1895 556 1993 populos,
583 1894 684 1991 quod
706 1895 753 1968 ab
778 1912 880 1992 tergo
904 1895 1120 1968 Macedoniae
1142 1896 1290 1996 Thracia

226 2023 335 2090 osset,
355 2020 556 2103 assumptos
577 2006 615 2076 in
640 2007 846 2078 societatem
869 2005 1081 2100 gaudebant.
1105 2006 1175 2077 Sed
1194 2022 1235 2077 ut
1252 2009 1289 2076 in

226 2119 307 2187 Asia
318 2139 466 2213 quoque
478 2128 514 2185 et
521 2114 646 2184 insulis
659 2114 842 2211 explorata
853 2116 974 2186 omnia
986 2132 1118 2202 essent,
1127 2116 1178 2186 Ti.
1188 2116 1290 2186 Clau·

227 2228 328 2299 dium
364 2229 566 2310 Neronem,
606 2228 653 2296 M.
685 2223 885 2306 Decimium
914 2222 1072 2322 legatos⁵
1102 2225 1288 2296 miserunt.

229 2334 334 2406 Adire
351 2359 413 2406 eos
432 2337 575 2406 Cretam
596 2348 632 2406 et
651 2331 822 2410 Rhodmn
840 2334 1042 2427 jusserunt,
1061 2335 1169 2406 simul
1184 2359 1289 2404 reno·
1389 2351 1392 2358 ·

226 2469 309 2516 vare
327 2443 536 2526 amicitiam,
553 2443 660 2515 simul
677 2442 873 2539 speculari,
889 2469 976 2516 num
992 2443 1169 2516 sollicitati
1182 2444 1291 2528 animi

228 2555 410 2627 sociorum
429 2551 474 2624 ab
491 2577 573 2648 rege
589 2556 720 2626 Perseo
738 2569 865 2626 essent.
1132 2639 1133 2642 Ἴ

276 2667 353 2734 XX.
373 2667 415 2734 In
441 2685 615 2759 stupensa
635 2663 775 2734 civitate
793 2663 839 2734 ad
859 2667 1180 2760 exspectationem1
1206 2663 1292 2734 novi

228 2773 332 2861 belli,
354 2787 532 2846 nocturna
557 2786 766 2870 tempestate
783 2773 951 2844 columne
966 2787 1116 2844 rostrata
1132 2773 1170 2842 in
1185 2771 1291 2866 Capi-

228 2883 339 2953 tolio*
357 2880 453 2955 bello
468 2882 605 2954 Punico
627 2880 803 2967 consulis,
826 2883 885 2954 cui
902 2880 1038 2978 collega
1056 2884 1128 2952 Ser.
1148 2880 1292 2952 Fulvius

229 3128 313 3190 Intpp.
327 3125 393 3174 Suet·
404 3124 491 3176 cnud.
502 3141 518 3187 9
530 3135 594 3174 extr.
606 3151 641 3160 -
650 3125 739 3174 filium
784 3125 876 3182 missu
890 3125 939 3174 vid.
950 3141 1003 3188 cap.
1016 3126 1045 3184 6,
1058 3141 1083 3172 n.
1096 3126 1121 3172 6.
1130 3125 1189 3172 Vox
1199 3139 1293 3174 summa

229 3205 306 3268 regis,
317 3204 511 3266 nomgenuinum
520 3205 636 3268 quidem,
650 3205 693 3252 sed
703 3205 740 3252 illi
784 3205 850 3253 abest
861 3205 914 3252 aliis
923 3205 997 3260 loeis,
1010 3202 1099 3264 quibus
1107 3202 1145 3248 vel
1157 3201 1187 3247 dc
1198 3201 1243 3248 hac
1255 3219 1293 3260 re,

229 3281 354 3329 subditum
373 3279 404 3326 ab
422 3296 499 3327 uxore
517 3282 580 3344 regis
590 3283 740 3330 Antiochida
783 3285 822 3332 vel
841 3283 871 3330 ‹le
888 3282 992 3347 pecunia
1011 3281 1039 3326 in
1058 3280 1167 3326 aerarium
1181 3295 1194 3325 a
1207 3281 1293 3328 trium·

230 3359 274 3408 diu
296 3357 388 3414 sterili3
411 3358 485 3420 qnod,
502 3375 560 3408 vero
582 3360 645 3408 iufra
663 3361 740 3411 fusius
784 3363 917 3426 pisentibus
931 3359 1013 3424 illata,
1029 3357 1069 3404 vel
1086 3356 1117 3404 de
1130 3359 1235 3421 praemiis
1246 3377 1294 3423 pn·
1355 3373 1357 3377 ·

230 3446 352 3485 namtum
372 3435 489 3498 repedet,
505 3437 548 3486 lib.
563 3440 671 3496 XLVII,
687 3456 741 3503 cap.
784 3441 848 3489 blico
860 3439 922 3485 datis
938 3439 1034 3500 agitur3
1047 3436 1112 3484 Dok.
1126 3462 1161 3472 -—
1174 3439 1294 3490 cnorum

234 3523 279 3574 ιω
291 3531 323 3564 ax
335 3512 439 3564 Diodor.
455 3515 500 3563 lib.
518 3517 607 3564 XXXI
627 3518 741 3581 daprom·
784 3519 847 3566 hanc
860 3531 977 3564 summam
995 3514 1129 3578 :equiparat
1146 3517 1217 3565 Crcv.
1230 3535 1294 3566 mar-

230 3605 309 3659 ptum.
319 3595 365 3644 En.
786 3594 1007 3658 cisargentiParis.
1020 3595 1049 3654 3,
1062 3598 1197 3644 eumancio
1215 3599 1293 3646 1.En.

267 3682 291 3728 4.
310 3671 385 3724 AEdes
404 3670 548 3726 instructae.
572 3674 739 3734 incutiendas,
821 3675 844 3721 5.
855 3677 959 3737 Legatos
969 3673 1101 3733 misarum
1111 3678 1177 3725 conl.
1187 3693 1241 3740 cap.
1251 3677 1294 3734 36,

231 3754 361 3802 instructas
373 3750 528 3815 prebendas,
542 3752 649 3810 locaret,
660 3754 741 3802 omni·
785 3751 1180 3815 etAppian.Maeed.11,a,3.
1227 3743 1229 3747 ¹

232 3825 293 3895 pm
305 3829 480 3894 supellectiles
495 3829 688 3895 redemptoribus
704 3833 741 3879 in-
820 3833 877 3880 Car.
886 3832 946 3880 XX.
959 3833 1157 3898 ndnspcmaad
1167 3845 1295 3898 exspecta·

231 3909 293 3956 strui
308 3918 414 3966 curarem
424 3909 499 3957 nrak.
518 3910 591 3960 Cous.
606 3911 637 3959 ad
648 3915 680 3973 V,
693 3911 741 3968 2³,
786 3909 894 3968 tioium
905 3910 962 3960 vide
974 3911 1005 3960 ad
1020 3915 1058 3967 11,
1074 3913 1122 3972 St,
1135 3930 1161 3962 ιι.
1176 3928 1216 3962 ιι.
1233 3913 1295 3960 Mox

232 4001 258 4035 ιι.
271 3987 304 4046 6,
314 3987 384 4036 otu
393 4019 402 4045 ,
412 3985 427 4034 5
439 4021 447 4045 ‚
459 4003 485 4036 ιι.
500 3989 525 4036 3.
538 4015 574 4026 -
587 3991 692 4036 Munera
705 3988 739 4036 bi·
785 3991 984 4054 Sigoulacumm
992 3991 1025 4040 ita
1033 3993 1129 4056 explet:
1140 3991 1165 4043 ιἰι
1174 3991 1295 4056 Capitolio

225 4081 289 4120 ,num
301 4063 402 4114 millium
415 4064 471 4113 oris
484 4082 583 4117 summa
599 4067 624 4116 io
634 4067 740 4134 singulm
785 4069 846 4118 bello
858 4070 949 4134 Punico
959 4070 1040 4134 priore
1046 4070 1129 4136 posita
1140 4088 1157 4118 a
1167 4073 1204 4119 Μ.
1216 4070 1294 4120 AEmi·
