2982 4702
198 357 323 459 tzitta:
452 361 611 445 'tinas‘
633 377 768 446 xilv.
797 378 901 445 oar.
924 379 989 444 vr.
1174 356 1240 474 ¹79

172 496 243 571 bus
269 483 461 570 ex'amicis
484 495 638 582 Pellam,
666 497 817 567 alterum
839 496 1152 595 Asclepiodotum,
1175 498 1241 572 ubi

174 609 330 708 pecunia
347 605 513 704 deposita
536 621 634 691 erat,
659 631 703 676 ex
725 606 897 703 praesidiis
914 622 1075 693 revocat,
1099 633 1240 681 omnes·

174 742 248 817 que
271 717 388 789 aditus
410 719 525 814 aperit
550 712 658 788 bello.
678 705 758 814 lpse
782 716 827 787 ab
852 718 944 805 Dio,
965 719 1098 790 auratis
1114 720 1240 792 statuis

174 828 345 901 omnibus
369 829 521 925 raptim,
541 852 589 898 ne
612 826 732 924 praeda
752 826 848 897 hosti
871 841 1009 913 essent,
1032 828 1240 900 in'classem

175 941 371 1037 congestis,
395 939 495 1009 ocius
519 938 718 1034 demigrare
741 937 900 1034 Pydnam
925 935 1064 1035 eogit³;
1083 953 1138 1028 et,
1160 963 1242 1038 qnae

175 1052 357 1123 temeritas
383 1049 541 1120 consulis
561 1048 675 1119 videri
695 1050 893 1147 potuisset,
913 1047 1014 1145 quod
1032 1073 1076 1121 eo
1097 1073 1241 1149 proces·

175 1162 294 1246 sisset,
315 1158 414 1230 unde
435 1159 549 1230 invito
572 1158 676 1229 hoste
698 1158 839 1256 regredi
859 1163 1045 1256 nequiret,
1067 1184 1146 1230 earn
1165 1184 1242 1234 non

174 1253 420 1346 inconsultam
445 1269 630 1340 audaciam
657 1265 753 1340 fecit.
776 1273 878 1339 Duos
900 1269 998 1339 enim
1023 1267 1154 1357 saltus,
1170 1293 1243 1367 per

176 1404 270 1476 quos
287 1378 374 1450 inde.
389 1378 540 1450 evadere
557 1393 722 1478 possent,
738 1377 922 1449 habebant
937 1379 1113 1467 Romani,
1126 1401 1242 1450 unum

176 1513 242 1586 per
261 1493 395 1585 Tempe
419 1490 458 1559 in
479 1487 722 1577 Thessaliam,
750 1488 902 1559 alterum
928 1490 967 1558 in
993 1488 1243 1560 Macedoniam

177 1613 307 1697 praeter
321 1600 455 1687 Dium3
475 1624 556 1696 quae
574 1603 751 1696 utraque‘*
769 1601 875 1695 regiis
893 1600 1112 1671 tenebantur
1127 1603 1244 1698 praesi-

177 1709 254 1810 diis.
271 1714 397 1806 Itaque
410 1711 440 1782 si
455 1709 529 1780 dux
544 1710 747 1808 intrepidus
761 1709 886 1781 decem
902 1709 978 1782 dies
996 1713 1150 1807 primam
1165 1737 1244 1810 spe-

176 1918 226 1967 sita
237 1931 304 1976 crat,
321 1918 424 1966 omnino
438 1928 494 1966 sunt
508 1918 594 1966 aliena.
609 1919 689 1964 Possis
733 1933 787 1983 seus
797 1917 893 1980 ignavia
906 1933 957 1966 sua.
968 1919 1025 1966 Non
1039 1919 1200 1970 inconsultam
1213 1939 1245 1971 ex

179 1999 330 2057 existimare,
349 2008 407 2062 post
424 1997 452 2050 rb
473 1997 598 2062 trepidans
614 1997 688 2043 inter·
734 1997 830 2046 emend.
845 1997 928 2060 Sigon.
943 2008 966 2044 et
978 1999 1056 2047 Gron.
1067 2015 1113 2063 pro
1126 2017 1175 2048 non
1186 2018 1245 2050 eon·

174 2079 269 2138 jectum
289 2076 383 2141 aliquid
404 2077 492 2135 fnisse,
513 2092 563 2140 quo
582 2087 690 2124 narraret
733 2077 830 2124 saltam.
840 2077 951 2124 Muretus
965 2077 1030 2138 conj.
1044 2093 1098 2126 eam
1110 2082 1246 2130 consultam

178 2157 276 2220 Livius,
290 2157 359 2222 quod
371 2157 477 2206 breviter
489 2155 571 2204 innuit
583 2171 638 2220 cap.
659 2171 689 2202 ιο
734 2154 871 2204 inaudacia
885 2155 969 2221 sccitt
992 2167 1020 2206 ut
1043 2157 1157 2206 inaratae
1179 2162 1246 2226 apud

177 2253 216 2301 pr.
228 2238 328 2300 ejusque
338 2237 484 2284 narrationis
496 2235 640 2300 particulam
649 2235 691 2286 illn
735 2237 824 2284 Horat.
836 2235 884 2284 Od.
894 2237 947 2294 111,
959 2251 1004 2296 ao,
1014 2253 1037 2285 r.
1049 2238 1073 2286 3,
1085 2239 1244 2292 Praestiterit:

180 2331 232 2363 esse
249 2315 331 2364 verba.
350 2315 399 2363 Sed
415 2317 489 2364 credo
507 2315 605 2379 potins,
622 2314 691 2362 saldi-
735 2331 790 2362 eam
805 2331 869 2362 nrmc
882 2315 1019 2363 consultam
1031 2315 1245 2384 andaciamfacit.

179 2395 244 2442 disse
259 2411 287 2442 ea
299 2395 437 2453 ldsrarinm,
449 2394 493 2458 qui
510 2394 637 2442 invenerat
645 2393 691 2440 illa
735 2394 807 2444 Conf.
817 2395 848 2442 ad
859 2389 913 2459 cap'.
925 2402 955 2453 tt
966 2412 989 2444 n.
1004 2389 1027 2443 52
1040 2423 1075 2433 -
1086 2397 1149 2444 Inde
1158 2397 1244 2444 evade-

178 2470 302 2539 adscripta'
321 2475 377 2523 voci
391 2475 500 2530 Pellam,
517 2484 647 2538 postquam
663 2473 691 2520 in
735 2488 761 2519 re
772 2485 883 2537 possent,
900 2473 996 2522 scilicet
1013 2473 1109 2534 elpes,
1123 2491 1173 2538 quo
1190 2489 1255 2540 pro·=

179 2553 243 2600 hane
267 2555 463 2602 transformatum
489 2569 574 2600 verum
601 2567 691 2599 nomen
734 2562 868 2613 cesserant,
881 2554 946 2603 unde
963 2553 1042 2602 invito
1059 2553 1129 2601 hoste
1151 2553 1246 2618 regredi

180 2633 281 2682 exstitit.
290 2634 342 2681 Etsi
350 2633 415 2682 enim
424 2633 472 2681 hoc
478 2633 534 2680 loco
543 2631 691 2679 narrandum
734 2648 786 2680 non
797 2642 919 2696 poterant.

180 2710 596 2774 illudluisset,tamenintelligiex
606 2721 691 2775 postea
772 2717 796 2766 t.
816 2712 879 2778 Qua¹
896 2724 1001 2775 utruque
1021 2711 1088 2772 loca,
1106 2713 1198 2776 Tempe
1221 2725 1246 2762 et
1331 2777 1333 2780 Ι

180 2791 283 2838 usmetis
295 2806 362 2838 more
375 2806 420 2838 suo
435 2789 531 2836 Livium
543 2788 570 2835 id
581 2788 692 2838 induisse
735 2790 824 2848 Dium
839 2787 887 2838 nisi
904 2789 988 2854 potius
1006 2789 1052 2853 leg.
1071 2789 1115 2853 qui
1132 2791 1244 2855 utrique,

181 2879 275 2916 certum
284 2869 373 2918 habeo.
384 2871 426 2917 Eat
438 2879 518 2916 antem
525 2868 627 2915 omnino
637 2869 693 2916 seri·
736 2884 770 2916 sc.
786 2869 868 2915 saltus.
878 2896 913 2904 —
923 2867 1032 2914 Primam
1045 2867 1146 2930 speciem
1156 2885 1245 2933 appro-

162 2948 304 2997 'bendumz
321 2948 382 2995 dnos
402 2964 434 2995 ea·
451 2947 556 3009 amicis(
564 2946 691 3009 alterum),
731 2946 877 3011 pinqnantr's
892 2945 990 2994 terroris
1004 2945 1167 3003 sustinuisset,
1183 2949 1247 2996 sorte

180 3027 311 3091 Hippiam,
324 3028 429 3075 abarum
437 3024 650 3088 Asclepiodotum,
661 3039 693 3070 ea
735 3023 783 3088 leg.
790 3024 876 3088 prima
886 3023 964 3088 specie
972 3025 1191 3088 appropinqtmntis
1200 3037 1246 3073 ter-

175 3105 300 3169 proest'dtis
312 3116 424 3162 revocat,
436 3115 483 3152 etc.
492 3103 564 3153 (lons.
575 3119 628 3167 cap.
639 3119 654 3150 a
668 3113 694 3150 et
736 3119 830 3159 rorem,
852 3119 924 3166 quem
946 3103 1146 3166 appropinquans
1164 3104 1262 3168 (quisi¹

183 3199 196 3245 7
209 3206 231 3252 υ.Υ
241 3213 277 3222 -
287 3187 375 3232 Omnes
385 3184 469 3232 aditus
478 3182 559 3247 aperit
566 3182 645 3240 bello,
658 3197 693 3229 re·
736 3181 815 3229 hostis
822 3181 844 3246 l)
855 3181 991 3238 incuteret,
1004 3192 1062 3230 sust.
1082 3183 1147 3242 conj.
1168 3183 1244 3232 Drak.

181 3279 273 3312 vocans
297 3266 426 3329 prefectos
446 3262 629 3327 prandiorum,
649 3260 692 3326 qui
736 3258 786 3310 Sed
797 3262 846 3309 hoc
864 3261 1044 3324 minus,quam
1062 3260 1125 3308 illud
1142 3263 1246 3328 intelligi

106 3331 110 3338 ¹
183 3341 267 3390 hostes
275 3343 343 3390 aditu
353 3341 506 3392 Macedoniae
518 3342 640 3390 arcebant.
735 3350 827 3404 potest.
845 3341 966 3388 Sustincre
981 3340 1083 3404 speciem
1097 3343 1195 3390 terroris
1209 3360 1246 3392 re-

219 3421 246 3468 3.
259 3421 402 3486 Demigrare
411 3421 523 3484 Pydnam
534 3421 611 3488 cogit,
629 3423 693 3470 forte
737 3429 775 3467 cte
792 3419 940 3479 dicitur,at
958 3419 1026 3484 apud
1042 3419 1095 3468 Cic.
1108 3422 1182 3470 Tuae.
1206 3425 1245 3481 ΙΙ,

183 3500 294 3564 cogitat:
303 3501 372 3564 quod
381 3511 404 3548 et
414 3502 547 3563 conjecisse
557 3500 630 3549 video
638 3503 692 3550 Jac.
737 3498 771 3546 25
779 3533 786 3558 ‚
800 3497 891 3546 doloris
901 3499 1002 3562 speciem
1007 3498 1096 3564 serre:
1110 3500 1153 3548 sed
1164 3502 1245 3550 malim

183 3579 261 3627 Perit.
278 3577 351 3628 Conf.
370 3591 477 3628 extreme
491 3581 563 3629 verba
580 3595 633 3644 cap.
644 3581 694 3627 Te·
737 3575 831 3624 vanam
844 3575 946 3641 speciem
954 3595 965 3635 ,·
976 3581 1034 3625 Ern.
1048 3605 1082 3614 —
1096 3581 1145 3626 Per
1161 3581 1247 3644 Tempe

184 3675 237 3706 rum
256 3659 317 3709 eth.
331 3660 348 3708 l.
365 3660 476 3723 quaedam
492 3661 593 3724 periisse
605 3660 692 3718 verba,
738 3657 763 3704 in
779 3656 929 3704 Tltessalr'am
945 3657 1019 3705 verba
1033 3673 1159 3722 perperam
1180 3675 1247 3722 repe-

184 3738 274 3803 quibus
289 3739 421 3787 narraverit
433 3740 532 3797 Livius,
549 3738 617 3803 quod
634 3740 693 3787 Dio·
737 3737 782 3786 tita
792 3735 894 3802 putabat
904 3737 1077 3786 (immiseram
1087 3737 1170 3784 Livius
1180 3753 1246 3785 nnnc

185 3819 238 3868 dor.
249 3817 266 3866 l.
280 3818 299 3867 l.
313 3817 401 3876 tradit,
415 3819 469 3866 scil.
481 3817 573 3866 incolas
583 3819 626 3865 Dii
639 3833 694 3866 cum
738 3817 770 3864 de
783 3813 880 3864 duobus
892 3815 993 3863 saltibus
1005 3827 1030 3863 et
1043 3812 1246 3874 difficultatibus,

185 3897 300 3947 omnibus
316 3896 414 3944 familiis
431 3895 566 3961 demigrare
583 3896 695 3959 Pydnam
740 3893 828 3960 quibus
840 3894 946 3942 Romani
958 3895 1068 3960 impliciti
1080 3893 1193 3954 fuissent,
1203 3912 1248 3960 per

185 3988 283 4024 coaetos
304 3992 363 4034 esse,
383 3975 552 4040 suspicabatur
570 3971 693 4024 Drakenb.
739 3985 819 4039 partes
831 3975 893 4037 agit,
913 3985 938 4026 et
951 3975 1014 4020 infra
1034 3973 1134 4022 alterum
1149 3991 1247 4039 qnoque

186 4057 296 4103 -Eam
308 4054 465 4106 temeritatem
476 4054 584 4101 consulis
596 4070 645 4101 non
659 4055 694 4101 in·
740 4054 826 4102 saltum
850 4054 994 4104 nominatim
1012 4053 1099 4102 iterum
1116 4068 1247 4114 memorat3

186 4135 321 4183 cemnltam
339 4131 473 4204 audaciam
488 4129 550 4196 fecit
569 4133 621 4197 ipse
640 4136 695 4181 Per·
740 4133 863 4184 Drakenb.

1102 4245 1156 4290 12.
