2984 4706
279 385 349 472 ιιι
701 394 740 459 r.
777 385 916 458 nvn
1192 370 1318 481 tta.

277 533 427 607 quoque
445 535 580 606 quum,
600 510 758 582 adventu
782 509 939 580 consulis
955 511 1060 580 simul
1079 526 1115 582 et
1132 514 1226 584 veris
1237 516 1343 612 ‘prin-

277 621 391 719 cipi0,
413 636 571 719 strepere
593 622 715 692 omnia
731 622 943 718 moverique
966 620 1064 719 apud
1085 621 1226 713 hostes,
1246 625 1344 698 velut

278 755 376 802 novo
395 731 512 820 belle,
532 745 715 819 comeret,
734 745 832 802 mota
851 755 872 800 a
889 729 988 802 Phila
1006 733 1120 804 castra
1140 733 1178 802 in
1197 735 1343 806 adversa

276 841 354 939 ripa
368 844 503 939 posita,
519 866 616 914 nunc
632 840 677 912 ad
691 840 967 938 contemplanda
983 865 1094 938 opera
1109 866 1173 914 sua
1191 845 1343 918 circum·

276 953 329 1022 ire
345 951 494 1039 ducem,
513 951 609 1022 haud
632 950 742 1023 dubie
768 952 938 1022 transitus
954 951 1219 1049 speculantem,
1242 963 1343 1057 [nunc

276 1063 313 1128 ea
329 1065 438 1128 omnia
452 1062 665 1128 intentissima
680 1085 757 1131 cura
771 1083 1017 1150 apparare,quae
1030 1061 1071 1128 ad
1084 1063 1150 1126 vim
1162 1063 1342 1131 faciendam

276 1165 559 1254 oppugnandaque
577 1181 680 1230 castra
701 1164 776 1234 usui
801 1186 870 1228 esse
895 1180 1045 1252 possent3
1069 1165 1151 1228 nihil
1174 1167 1340 1248 omittere,

248 1265 366 1352 *quod
391 1267 457 1331 sive
479 1266 631 1331 adversus
656 1265 801 1346 hostem,
826 1265 892 1328 sive
916 1263 958 1329 ad
982 1287 1117 1329 suorum
1144 1265 1341 1346 adjuvandas

273 1366 356 1428 vires
373 1389 491 1456 rnagno
507 1367 583 1430 duci
600 1365 786 1431 conandum
808 1365 1057 1454 faciendumque
1080 1384 1163 1433 esset
1180 1389 1188 1436 t
1208 1369 1340 1458 etipse,

273 1483 427 1555 tanquam
453 1469 487 1531 in
514 1489 647 1531 summae
668 1466 715 1530 rei
739 1467 804 1546 jam
827 1466 1000 1530 discrimen
1024 1483 1197 1550 venturus,
1225 1491 1340 1538 acuere

274 1569 413 1633 militum
430 1570 574 1650 animos,
592 1568 718 1632 firmare
735 1591 832 1655 opera
852 1568 952 1656 magis
975 1563 1016 1632 ac¹
1034 1568 1151 1656 magis,
1168 1591 1340 1657 nunquam

272 1671 348 1734 satis
365 1672 490 1760 provisa
508 1671 635 1751 omnia,
649 1685 752 1736 tutam
766 1669 992 1756 munitamque
1009 1670 1110 1757 ripam
1124 1669 1265 1734 credere.
1276 1673 1339 1735 Ta-

274 1795 349 1835 men
369 1773 403 1834 in
427 1774 584 1836 acerrimo
601 1771 767 1864 utrimque
788 1769 902 1833 ardore
924 1769 1036 1856 quieta
1057 1793 1114 1858 per
1136 1768 1337 1858 aliquantum

271 1873 427 1962 temporis
448 1875 559 1938 stativa
583 1875 691 1940 fuere:
709 1895 770 1936 nec
789 1893 935 1958 unquam
950 1885 1065 1960 ¹tantos
1088 1871 1246 1935 exercitus
1270 1889 1336 1938 tarn

269 1975 303 2037 in
328 1975 550 2063 propinquum
570 1975 690 2038 collatis
716 1973 826 2038 castris
849 1989 915 2036 tam
937 1973 1127 2060 tranquillos
1151 1974 1336 2041 consedisse

271 2076 435 2140 memoriae
468 2077 635 2164 proditum
664 2091 721 2140 est.
753 2075 888 2139 Interim
916 2074 1000 2137 fama
1031 2076 1180 2156 nuntiat,
1213 2076 1334 2141 victum

269 2179 303 2240 in
329 2177 439 2266 Illyrio
462 2178 618 2242 Gentium
647 2200 758 2266 regern
785 2177 826 2241 ab
852 2177 966 2242 Anicio
994 2192 1144 2264 praetore,
1163 2178 1334 2267 ipsumque

269 2302 345 2344 cum
373 2278 473 2348 domo
497 2295 564 2346 tota
590 2297 622 2343 et
649 2281 796 2348 universa
820 2278 943 2346 ditione
967 2279 1002 2340 in
1026 2294 1183 2365 potestate
1205 2282 1331 2370 Roma-l

270 2407 401 2452 norum
422 2399 509 2451 eS'SO.
527 2423 532 2430 ¹

317 2497 460 2566 XXXV.
481 2497 570 2584 Quae
587 2516 644 2562 res
665 2492 835 2564 Romanis
856 2487 955 2561 auxit
970 2493 1108 2562 animos
1121 2502 1146 2580 ¹,
1164 2493 1331 2563 Macedo-

268 2603 377 2676 nibus
398 2605 548 2701 regique
574 2627 700 2672 eorum
723 2600 820 2672 haud
842 2600 1063 2672 mediocrem
1083 2601 1201 2671 attulit
1218 2616 1331 2672 terro-

267 2739 355 2784 rem.
375 2719 421 2785 Et
438 2717 559 2812 primo
575 2713 799 2811 supprimere
819 2712 857 2781 iu
880 2709 1022 2782 occulto
1039 2709 1168 2781 famam
1186 2711 1263 2806 ejus
1281 2717 1331 2783 rei

250 2839 322 2897 ‘est
338 2841 506 2913 conatus,
525 2826 660 2911 missis,
685 2825 749 2920 qui
767 2821 1012 2893 Pantauchum
1027 2821 1111 2892 iude
1129 2824 1328 2934 vepieutem

267 2937 561 3038 appropinquare
576 2935 698 3006 castris
716 2946 887 3004 vetarent.
906 2931 975 3002 Sed
988 2932 1060 3026 jam
1079 2946 1115 3002 et
1130 2935 1233 3029 pueri
1251 2937 1329 3031 qni·
1388 2989 1395 3013 ,

267 3046 348 3118 dam
366 3047 431 3117 visi
447 3044 493 3118 ab
509 3047 581 3116 suis
599 3058 701 3116 eraut
719 3044 814 3114 inter
832 3041 976 3116 obsides
993 3040 1130 3140 Illyrios
1146 3041 1260 3131 ducti3
1275 3059 1327 3132 et,

265 3263 420 3325 pugnabant5
430 3263 497 3313 Dok.
508 3263 580 3312 Conf.
592 3263 659 3326 Lips.
674 3263 704 3309 de
715 3260 770 3309 Mil.
813 3257 891 3306 ,anxit
903 3258 998 3306 animos
1008 3291 1016 3316 ,
1028 3258 1081 3307 soil.
1092 3260 1194 3308 nuntius
1206 3261 1236 3308 de
1246 3263 1327 3310 Gentii

264 3343 336 3388 Rom.
345 3343 397 3399 III,
409 3343 432 3388 3.
443 3369 477 3377 —
487 3342 595 3390 Inituros
604 3341 692 3389 bellum
698 3359 709 3398 ‚·
718 3339 774 3388 vide
817 3338 957 3402 captivitate
971 3348 995 3386 et
1014 3335 1063 3385 line
1078 3341 1147 3402 regni
1160 3339 1219 3400 ejus.
1233 3367 1267 3376 --
1281 3341 1329 3388 Sed

263 3419 296 3466 ad
304 3421 377 3476 XXI,
390 3421 413 3478 8,
424 3436 450 3468 n.
464 3436 485 3466 1.
497 3421 619 3468 Finiturus
628 3420 695 3481 conj.
706 3422 772 3468 Mur.
811 3417 869 3482 jam
879 3428 904 3464 et
910 3416 985 3482 pueri
996 3416 1110 3481 quidam,
1125 3429 1171 3466 ete.
1186 3419 1249 3466 nihil
1260 3419 1327 3468 intri-

238 3539 239 3544 ,
264 3497 312 3545 Sed
324 3508 437 3545 neutrum
449 3499 551 3547 verbiun
563 3499 604 3546 hie
616 3499 675 3546 satis
689 3510 773 3562 aptum
816 3495 986 3544 catnmastin
1000 3496 1093 3544 verbis:
1107 3497 1326 3563 sedresipsa,nt

161 3622 164 3628 ,
263 3594 329 3636 esse,
339 3578 390 3638 jam
411 3578 516 3625 docuere
536 3579 634 3626 Crever.
654 3589 678 3626 et
696 3577 773 3627 Drak.
817 3575 932 3623 observet
940 3578 1145 3640 Crever.,parum
1154 3577 1225 3626 clara.
1233 3578 1258 3624 Si
1268 3578 1325 3625 ob‘ss'·

262 3659 335 3705 Forte
356 3657 403 3721 leg.
422 3656 579 3722 insignitivas
597 3657 701 3714 bellum,
716 3658 733 3706 i.
749 3675 772 3706 e.
817 3654 859 3702 des
870 3654 968 3714 Illyrios
977 3655 1097 3720 intelllgas
1106 3656 1202 3704 obsides
1213 3674 1226 3704 a
1238 3659 1324 3705 Perseo

261 3736 369 3800 insigne,
380 3736 536 3784 memorabile
546 3737 703 3784 facturos-
710 3739 773 3785 Con·
817 3734 868 3798 regi
875 3734 966 3783 Gentio
976 3734 1058 3792 datos,
1067 3746 1114 3784 eta
1123 3735 1264 3784 Pantaucho
1273 3736 1324 3784 sub·

260 3813 315 3873 jicit
327 3816 426 3863 Jacobs.
438 3817 504 3880 apud
517 3815 623 3864 Goeller.
636 3831 691 3880 pag.
705 3817 771 3878 392,
817 3814 905 3862 ductos
916 3831 947 3862 ne
956 3815 983 3862 in
992 3816 1158 3863 Romanorum
1167 3831 1252 3862 manns
1264 3815 1323 3863 inei-

261 3891 419 3941 inclinaturos
441 3895 542 3950 bellum,
567 3894 609 3942 sed
635 3909 686 3941 non
714 3895 770 3942 satis
816 3892 915 3949 derant,
936 3895 1028 3958 poteris
1044 3895 1078 3942 sic
1099 3908 1235 3958 exponere:
1253 3897 1322 3943 Pueri
1371 3952 1376 3961 .

261 3973 394 4028 concinne,
412 3985 440 4020 ut
458 3973 529 4019 nobis
547 3973 651 4020 videtur.
670 3975 715 4020 Eu.
735 3999 768 4009 ——
781 3963 782 3966 Ἴ
814 3973 914 4036 quidam
925 3973 1072 4022 Macedones
1083 3973 1243 4022 traditiinter
1255 3986 1322 4022 caete·

263 4049 329 4094 Veris
339 4051 476 4113 principin,·
491 4051 531 4098 vid
544 4069 598 4116 cap.
613 4053 659 4109 30,
669 4069 693 4100 n.
709 4069 731 4099 1.
813 4067 853 4098 ros
865 4052 963 4100 obsides
975 4053 1107 4114 Gentioxet
1123 4054 1217 4101 reducti
1229 4054 1255 4100 iu
1268 4055 1320 4100 Ma-

293 4129 351 4208 ihr.
367 4131 475 4176 XXXV.
491 4147 512 4177 1.
527 4132 586 4190 ane
605 4147 641 4178 res
652 4132 766 4179 Romanis
812 4131 940 4188 eedon'mm,
962 4135 1146 4193 al’artaucho,
1166 4135 1211 4184 viai
1233 4152 1246 4184 a
1273 4136 1320 4190 suls
