2970 4712
209 365 330 471 2:533}
411 385 502 452 mn
528 383 636 450 xcv.
664 382 766 448 cnr.
794 382 877 448 xri.
903 383 1012 451 xiii.
1167 387 1235 459 285

180 506 337 578 intravit.
365 504 461 575 Vitio
487 502 581 573 diem
608 473 737 571 dictam
764 523 839 570 esso
863 525 1034 597 augures,
1056 527 1167 599 quum
1192 509 1236 578 ad

181 638 245 684 cos
266 614 416 684 relatum
439 627 513 700 est,
542 611 785 682 decreverunt.
812 607 996 680 Profectus
1021 612 1058 680 in
1089 615 1238 686 Galliam

182 725 276 794 circa
298 728 438 794 Macros
463 724 616 818 Campos
636 720 680 791 ad
697 733 837 790 montes
860 719 1063 790 Siciminam
1081 737 1117 792 et
1135 726 1238 822 Papi-

181 857 272 902 num
290 833 414 903 stativa
430 831 578 902 habuit:
599 829 729 901 deinde
745 831 836 899 circa
853 827 975 902 eadem
995 829 1072 900 loca
1087 855 1169 902 cum
1184 859 1239 905 so-

183 943 247 1012 ciis
278 943 433 1012 nominis
463 940 562 1011 latini
594 938 835 1012 hibernabat:
867 939 1026 1036 legiones
1059 966 1236 1034 rornauae,

183 1051 283 1148 quod
298 1053 385 1122 vitio
402 1050 477 1122 dies
492 1051 663 1122 exercitui
678 1048 722 1119 ad
737 1047 1023 1138 conveniendum
1039 1049 1132 1122 dicta
1146 1070 1239 1142 erat,

182 1165 303 1231 Romae
324 1174 538 1231 manserant.
564 1164 609 1231 Et
631 1173 819 1258 praetores,
843 1173 971 1255 praeter
992 1163 1030 1229 C.
1058 1163 1237 1259 Papirium

184 1269 406 1356 Carbonem,
423 1272 481 1341 cui
496 1269 658 1341 Sardinia
671 1264 876 1353 evenerat⁶‚
891 1269 927 1336 in
942 1270 1141 1364 provincias
1155 1271 1236 1342 iere.

183 1384 273 1449 Eum
288 1380 347 1474 jus
365 1379 482 1450 dicere
500 1385 620 1470 Romte
634 1379 737 1476 (na-m
755 1401 832 1448 eam
854 1400 1002 1473 quoque
1022 1393 1155 1449 sortem
1175 1381 1239 1451 ha-

183 1486 314 1585 bebat)
332 1490 427 1560 inter
445 1491 538 1560 cives
556 1503 592 1560 et
611 1489 818 1586 peregrinos
836 1492 954 1557 Patres
973 1506 1193 1561 censuerant.

231 1602 324 1668 XHI.
340 1603 384 1669 Et
394 1599 580 1696 Popillius,
598 1613 633 1669 et
651 1622 692 1669 ea
710 1597 839 1694 legatio
852 1607 877 1684 1,
894 1621 975 1692 quae
995 1597 1099 1668 missa
1115 1599 1159 1668 ad
1171 1605 1239 1670 An-

184 1708 344 1778 tiochum
365 1724 462 1796 erat,
488 1713 637 1778 Romam
661 1706 787 1793 rediit;
814 1703 957 1792 retulit,
981 1708 1240 1788 controversias

184 1820 401 1915 interreges
428 1818 583 1889 sublatas
609 1843 707 1903 esse,
735 1817 1004 1909 exercitumque
1027 1839 1071 1884 ex
1089 1819 1239 1914 AEgypto

183 1929 222 1996 in
240 1929 376 2024 Syriam
392 1927 593 2000 reductum.
618 1934 702 1999 Post
724 1927 886 2024 ipsorum
908 1949 1034 2021 regum
1053 1925 1160 2022 legati
1180 1951 1240 1998 ve-

183 2147 255 2194 quarn
266 2132 333 2181 Urbe
343 2130 551 2196 proficisceretur3
560 2133 616 2181 vide
627 2131 658 2179 ad
669 2135 690 2191 Ι,
736 2132 775 2179 16.
788 2133 858 2178 Hanc
868 2141 949 2178 tamen
962 2129 1124 2192 suspicionem
1133 2143 1241 2180 evertere

183 2209 214 2268 6,
226 2226 252 2258 n.
263 2213 295 2274 ¹6,
307 2222 331 2258 et
340 2213 418 2274 XXI,
427 2213 476 2270 63,
489 2229 514 2259 n.
527 2229 567 2261 ro.
582 2213 690 2259 —Sunt
732 2210 847 2258 videntur
860 2209 932 2256 verba
951 2224 1018 2270 seqq.
1035 2225 1093 2254 nam
1113 2223 1167 2256 eam
1180 2228 1241 2273 quo-

183 2290 328 2352 tamen‚qui
337 2289 377 2336 hic
386 2305 430 2353 per
443 2292 555 2354 templum
564 2307 619 2338 cuni
631 2292 689 2341 Cre·
733 2304 779 2351 que
788 2299 875 2335 sortem
885 2287 895 2350 (
905 2287 960 2334 vide
971 2286 1001 2333 ed
1011 2288 1101 2346 XXII,
1114 2289 1161 2347 35,
1171 2305 1197 2335 n.
1208 2289 1240 2353 5)

183 2369 251 2415 verio
263 2369 496 2432 intelligantslocnm
511 2370 616 2434 auguriis
630 2384 688 2416 con·
732 2367 845 2416 habebat.
865 2371 951 2414 Fateor
973 2381 1011 2413 me
1030 2367 1158 2430 ignorare,
1179 2368 1240 2431 quid

183 2449 441 2506 secratum‚uude,ut
452 2448 520 2495 initia
532 2449 567 2495 rei
577 2447 687 2511 gerendae
731 2446 778 2515 hoc
806 2447 845 2494 eit.
862 2446 988 2508 Nunquam
1010 2445 1074 2492 enirn
1095 2446 1153 2493 alibi
1175 2448 1240 2510 apud

184 2525 341 2573 subdeorum
354 2528 452 2575 numine
464 2538 614 2592 caperentur,
624 2527 688 2574 diem
732 2524 826 2572 Livium
841 2524 921 2588 legas,
940 2540 995 2572 cum
1020 2525 1164 2588 provinciis,
1185 2541 1240 2588 quae

185 2603 234 2650 diei
246 2604 277 2651 ad
293 2606 489 2653 conveniendum
502 2607 618 2653 exercitui
634 2621 688 2652 moe
732 2615 798 2651 extre
810 2605 905 2651 Italiam
916 2620 930 2651 a
943 2614 1026 2652 senatu
1041 2605 1240 2665 decernebantur,

183 2693 252 2729 earet.
262 2685 306 2730 En.
315 2711 350 2720 —
360 2683 424 2740 Vitio
440 2684 504 2730 diem
513 2684 603 2732 de'ctam
621 2701 688 2740 esse,·
731 2682 765 2729 ita
781 2683 835 2742 conj
839 2693 934 2730 unctam
951 2682 1025 2729 fuisse
1033 2682 1239 2742 jurisdictionem,

184 2761 240 2808 vide
258 2762 290 2809 ed
299 2764 330 2820 V,
349 2778 390 2823 17,
403 2777 428 2808 n.
444 2762 649 2826 4.-Prtffectus
662 2763 688 2811 in
731 2772 759 2808 ut
784 2761 910 2824 provincia
937 2771 962 2808 et
985 2760 1124 2820 jurisdictio
1144 2773 1239 2810 tantuin

186 2840 295 2888 Galliam
310 2839 376 2887 eirca
391 2842 490 2887 Macros
501 2839 603 2902 Campos
610 2859 620 2900 ,·
631 2842 688 2890 ride
731 2853 779 2885 una
792 2855 845 2886 sors
862 2851 951 2887 eesetn.
961 2839 1052 2887 Duker.
1064 2867 1099 2875 -
1107 2841 1174 2886 Nam
1185 2857 1239 2888 eam

184 2918 215 2965 ad
224 2922 296 2977 XLI,
309 2920 352 2975 18,
364 2933 389 2966 n.
404 2919 429 2976 3,
439 2929 463 2964 et
472 2919 562 2976 XLIV,
575 2933 616 2979 17,
624 2935 650 2968 n.
663 2921 687 2966 3.
732 2933 829 2980 quoque
841 2929 928 2964 sortem
939 2916 1061 2974 habebam
1071 2917 1123 2965 baec
1133 2935 1200 2976 aori,
1211 2933 1239 2968 ut

220 2999 244 3046 6.
257 2997 302 3045 Cui
316 2996 431 3044 Sardinia
448 3008 574 3051 evenerint
589 2996 646 3044 vide
658 2998 690 3045 ad
731 3004 819 3058 putant
836 2997 932 3045 Crever.
948 3006 973 3042 et
989 2996 1118 3058 Doering.‚
1131 3008 1183 3044 tum
1200 2997 1240 3046 de-

183 3077 273 3134 XLIV,
286 3091 325 3136 17.
334 3100 369 3112 —-
378 3076 442 3121 Eum
449 3074 492 3139 jus
501 3074 580 3121 dicere
589 3076 672 3122 Romce
678 3110 686 3132 ,
732 3089 799 3120 mum
809 3074 841 3121 ab
853 3073 942 3123 Anicio
962 3074 992 3121 ad
1010 3075 1132 3140 Papirium
1143 3077 1239 3126 videtur

732 3151 860 3212 translata,
874 3140 1003 3216 poitquum
1019 3153 1061 3200 ille
1077 3166 1161 3204 contra
1176 3159 1239 3204 Gen·

184 3246 252 3282 neret
260 3235 288 3284 L.
299 3234 388 3281 Anicio
399 3232 473 3300 (ride
482 3232 513 3280 ed
525 3234 614 3291 XLIV,
626 3249 654 3294 17
662 3231 685 3297 ),
733 3231 794 3279 tium
805 3235 892 3278 missus
905 3232 991 3279 iuerat.
1002 3234 1046 3280 Eu.

185 3314 227 3376 qui
247 3312 333 3362 deinde
351 3313 378 3360 in
398 3312 523 3377 Illyricum
544 3313 631 3360 missus
652 3323 689 3360 est
767 3312 828 3360 Cer.
838 3313 909 3359 XIII.
923 3327 945 3359 1.
955 3313 990 3358 Et
1000 3310 1117 3375 Popillius
1127 3323 1150 3359 et
1162 3329 1192 3360 ea
1206 3315 1238 3362 ie·

186 3393 273 3453 XLIV,
285 3408 329 3443 21.
346 3393 395 3442 Cur
410 3407 468 3440 vero
483 3392 536 3440 hac
550 3391 687 3453 jurisdictio
729 3388 799 3454 goeio
806 3424 815 3447 ,
830 3389 855 3438 h.
865 3406 886 3438 e.
897 3401 922 3438 et
937 3391 1018 3438 ceteri
1033 3391 1083 3438 duo
1096 3390 1180 3455 legati,
1195 3395 1238 3456 qni

109 3459 112 3466 ’
184 3481 237 3518 tum
253 3472 349 3536 Papirio
363 3473 474 3520 mandata
486 3483 534 3530 eet,
549 3488 594 3520 nec
605 3472 688 3536 potina
732 3484 788 3515 cum
805 3484 836 3518 eo.
856 3467 922 3517 missi
939 3470 976 3517 ad
988 3470 1134 3522 Antiochum
1151 3485 1239 3530 eraut,-

184 3547 232 3598 Cn.
242 3551 340 3610 Baebio,
351 3552 449 3614 praetori
465 3550 577 3598 urbano?
591 3551 645 3599 vide
656 3550 688 3599 ad
731 3547 782 3596 vid.
798 3549 889 3607 XLIV,
910 3565 942 3613 19
954 3560 1016 3596 extr.
1037 3549 1108 3596 Solus
1127 3552 1236 3598 nomina·

184 3629 306 3688 XXVIII,
324 3645 370 3690 1⁰3
382 3632 472 3688 XLIV,
487 3645 525 3690 17.
538 3631 686 3693 «Suspicor,
731 3636 771 3674 tur
789 3627 922 3691 Popillius,
942 3629 997 3691 quia
1017 3629 1132 3692 princeps
1153 3645 1237 3678 eorum

184 3706 292 3753 Baebium
305 3707 356 3754 fato
371 3708 495 3769 iunctum,
511 3717 535 3754 et
551 3717 603 3754 tum
617 3707 688 3770 Papi·
731 3717 796 3765 erat3
805 3706 862 3754 vide
876 3705 907 3754 ed
920 3707 1059 3764 111‚25‚n.
1072 3715 1095 3763 4.
1113 3708 1237 3770 UtPopil-

183 3785 221 3832 rio
246 3797 374 3848 utramque
392 3787 585 3846 jurisdictionem
606 3786 687 3834 decre·
733 3785 972 3850 Iiusforteleg.cum
981 3788 1237 3837 Gron.AtCter.co·

184 3873 232 3910 tam
245 3862 368 3924 fuieee,ut
380 3864 561 3926 XXXIX,39.
573 3865 689 3913 Sardiniae
732 3866 789 3930 puin
811 3877 836 3913 et
855 3866 981 3929 periodum
1006 3866 1069 3914 hene
1088 3882 1143 3913 cum
1161 3882 1236 3932 praec.

183 3951 264 3988 autem
283 3942 369 3998 etheo
388 3951 413 3989 et
429 3958 480 4005 eeq.
497 3959 562 3990 anuo
580 3945 607 3992 P.
626 3947 689 3992 Fon·
732 3945 844 3994 connecti
870 3944 971 4008 putabat
990 3943 1037 4010 (ut
1065 3947 1097 3992 Et
1120 3958 1237 4010 prcetores

184 4020 258 4066 teiam
274 4019 418 4084 Capitonem
436 4022 539 4084 imperIo
556 4035 689 4087 prorogato
733 4039 828 4088 capra
844 4021 940 4088 extu),
957 4034 1054 4071 etmox
1067 4024 1115 4087 leg.
1136 4026 1237 4072 Ruinam
1330 4022 1337 4034 '

183 4099 318 4162 praefinitam
335 4100 401 4146 conf.
418 4101 502 4161 XLII,
517 4101 560 4161 15,
571 4112 595 4149 et
612 4103 690 4162 XLV,
733 4101 818 4150 retulit
827 4103 908 4150 deleto
918 4103 993 4150 verbo
1005 4102 1086 4151 rediit.
