2982 4702
228 411 294 457 too
650 391 689 456 T.
722 389 862 456 letl

222 533 392 608 passuum
408 507 621 579 communiit
632 517 656 578 ¹.
672 506 760 578 Inde
774 507 854 579 luce
867 509 981 604 prima
994 508 1031 577 in
1047 507 1174 578 eodem
1188 561 1197 595 ,
1212 531 1288 605 quo

223 617 381 704 solebat,
404 617 487 689 loco
505 616 667 715 peditum
687 618 761 688 acie
781 618 973 705 instructa,
990 618 1191 714 equitatum
1207 643 1286 688 om·

223 754 307 800 nem
334 728 522 824 levemque
540 741 760 816 armaturam
786 726 832 798 ad
860 742 974 798 castra
994 727 1155 798 bostium
1177 727 1284 798 ducit.

222 841 329 910 Visus
351 854 387 910 et
412 838 572 936 plurium
594 852 631 909 et
652 839 802 935 propior
820 837 925 908 solito
945 837 1063 934 pulvis
1082 836 1287 934 trepidatio·

224 974 308 1022 nem
330 951 366 1018 in
389 949 510 1020 castris
528 949 686 1019 romanis
711 945 803 1035 fecit.
827 951 872 1018 Et
892 948 1011 1044 primo
1032 947 1089 1015 vix
1111 947 1285 1034 creditum

223 1059 404 1129 nuntianti
425 1072 499 1145 est,
525 1058 610 1154 quia
633 1055 816 1154 prioribus
842 1057 1023 1127 continuis
1045 1054 1287 1126 diebusnun-

224 1191 332 1262 quam
361 1182 442 1237 ante
468 1158 781 1261 horam'quartam
805 1165 919 1240 bostis
944 1179 1168 1264 apparuerat.
1198 1171 1287 1235 Tum

225 1278 309 1348 solis
328 1292 430 1350 ortus
448 1291 533 1346 erat.
553 1274 692 1346 Deinde
710 1290 752 1345 ut
772 1275 933 1372 plurium
953 1276 1108 1347 clamore
1126 1291 1163 1346 et
1182 1300 1288 1347 cursu

224 1413 245 1458 a
262 1389 376 1486 portis
395 1386 572 1458 dubitatio
591 1401 758 1483 exempta
773 1399 848 1474 est,
869 1386 1046 1456 tumultus
1062 1388 1187 1484 ingens
1202 1385 1289 1458 obo-

224 1501 326 1570 ritur.
352 1497 502 1568 Tribuni
525 1493 767 1595 praefectique.
781 1511 818 1568 et
840 1497 1069 1568 centuriones
1093 1499 1131 1566 in
1157 1511 1287 1594 praeto-

224 1612 343 1695 rium3
361 1607 463 1679 miles
481 1607 527 1678 ad
545 1632 610 1679 sua
627 1608 782 1704 quisque
801 1609 954 1678 tentoria
973 1604 1151 1676 discurrit
1169 1607 1290 1676 Minus

225 1720 442 1815 quingentos
468 1742 592 1815 passus
618 1742 639 1787 a
665 1717 759 1787 vallo
785 1717 1003 1787 instruxerat
1029 1721 1177 1787 Perseus
1195 1733 1290 1786 'suos

161 1891 162 1895 ,
226 1828 319 1898 circa
332 1826 532 1913 tumulum,
549 1851 659 1924 quem
674 1827 885 1898 Callicinum
901 1841 1039 1897 vocant.
1058 1830 1159 1898 Laevo
1177 1851 1291 1898 cornu

226 1937 335 2030 Cotys
354 1959 418 2005 rex
435 1950 585 2032 praeerat
601 1960 683 2005 cum
702 1936 870 2007 omnibus
887 1960 959 2006 suso
975 1939 1112 2033 gentis:
1129 1938 1291 2033 equitum

227 2046 374 2116 ordines
403 2045 491 2115 levis
523 2059 702 2116 armatura
728 2046 940 2143 interposita
968 2042 1222 2141 distinguebat.
1250 2049 1290 2114 In

228 2157 355 2227 dextro
385 2179 502 2236 cornu
527 2155 743 2226 Macedones
771 2170 874 2226 erant
902 2156 1068 2252 equites:
1095 2154 1290 2224 intermixti

227 2266 355 2336 turmis
379 2288 505 2344 eorum
531 2268 730 2336 Cretenses.
758 2266 849 2335 Huic
871 2281 1057 2335 armaturea
1079 2263 1214 2336 Medon
1233 2268 1291 2333 Be·

228 2384 395 2460 roeaeus²,
416 2373 599 2470 equitibus
620 2389 656 2445 et
679 2398 826 2444 summae
844 2375 955 2471 partis
975 2375 1052 2468 ejus
1071 2373 1292 2474 Menodnti·

229 2488 396 2583 gonensis
414 2500 575 2582 praerat.
594 2487 751 2556 Proximi
769 2484 942 2556 cornibus
958 2482 1193 2556 constiterant
1206 2484 1294 2580 regii

230 2595 369 2691 equites
392 2608 429 2664 et
451 2595 615 2664 mixtum
629 2618 764 2694 genus,
787 2595 925 2666 delec'ta
943 2595 1108 2694 plurium
1131 2595 1291 2692 gentium

266 2783 327 2831 Cir.
338 2782 427 2831 LVIII.
441 2797 462 2828 r.
477 2785 501 2830 A
517 2783 625 2848 quinque
639 2781 742 2831 millibus
785 2783 851 2831 idem
862 2783 1002 2848 quoquesit
1012 2781 1159 2846 ille,quiin
1169 2791 1228 2829 antt.
1238 2779 1293 2828 edd.

230 2877 346 2926 passuum
356 2877 378 2909 c.
386 2861 438 2908 vid.
453 2862 607 2920 XXXVIII,
617 2877 650 2908 ao
660 2897 667 2919 ,
677 2877 703 2910 n.
716 2877 741 2909 a.
786 2861 873 2910 Midon
883 2863 973 2910 dIcitur
987 2863 1078 2919 XLIV,
1090 2861 1137 2918 323
1154 2876 1200 2907 nec
1213 2860 1294 2925 potius

268 2958 293 2990 s.
309 2941 398 2988 Medon
409 2943 529 2988 Beroeoeus
540 2943 638 3005 reposui
649 2941 674 2989 b.
687 2941 704 2989 l.
717 2953 742 2989 et
786 2941 861 2999 Milo,
877 2943 920 3005 qui
933 2941 973 2989 rel
988 2941 1052 2989 Plut.
1065 2940 1082 2988 l.
1101 2940 1132 2998 l.,
1150 2940 1190 2986 vel
1207 2938 1294 3003 Polyb.

232 3023 322 3080 XLIV,
339 3021 387 3078 32,
402 3021 434 3076 45
443 3056 454 3084 ,Ι
462 3037 509 3084 pro
528 3020 613 3068 Midon
634 3023 738 3076 Bereus,
786 3023 890 3081 XXIX,
901 3021 931 3080 6,
942 3019 958 3084 S
971 3020 987 3066 6
999 3030 1153 3067 memoratur.
1167 3018 1295 3066 Medonem

232 3100 299 3164 quod
315 3101 449 3163 praeierunt
463 3111 521 3148 vett.
537 3099 593 3148 edd.
607 3101 669 3148 Nam
688 3097 742 3154 Μή·
785 3099 866 3148 ubivis
882 3115 929 3163 pro
945 3099 1038 3146 Milone
1050 3097 1244 3146 substituendum
1259 3113 1295 3144 es·

232 3176 283 3230 <lav
296 3178 404 3248 Βιρομὺς
420 3178 509 3226 dicitur
524 3179 613 3243 Polyb.
626 3178 742 3238 XXVII,
787 3196 825 3237 se,
844 3178 939 3230 censuit
959 3176 1081 3224 Drakenb.
1093 3193 1173 3246 jquem
1190 3175 1246 3224 vide
1265 3175 1296 3223 ad

233 3258 288 3323 8,ss
300 3259 324 3304 5.
343 3259 404 3305 Milo
420 3257 518 3305 edidere
538 3259 621 3322 Sigon.
642 3268 667 3304 et
686 3269 743 3322 post
787 3258 841 3306 h.l.
856 3268 880 3305 et
898 3257 931 3304 ad
950 3258 1041 3315 XLIV,
1060 3257 1101 3306 aa.
1120 3257 1240 3306 Caeterum
1257 3260 1297 3306 Be·

235 3353 289 3384 cum
307 3352 400 3384 omnes.
416 3335 500 3386 Μίλων
513 3352 612 3400 quoque
625 3351 743 3384 memora·
787 3339 874 3406 ροιαῑος
887 3350 913 3386 et
921 3336 1029 3405 Btpoubc
1047 3336 1184 3400 ptomIecue
1200 3351 1296 3398 ponun-

235 3426 276 3462 tur
291 3415 356 3464 Plut.
375 3415 401 3462 in
415 3415 529 3473 AEmilio,
544 3431 600 3479 pag.
619 3415 668 3462 263
690 3415 744 3480 (qui
787 3425 837 3474 tur,
852 3416 897 3463 etsi
915 3415 977 3463 illud
993 3431 1006 3462 a
1023 3415 1199 3473 Macedonica,
1217 3414 1265 3462 boc
1282 3428 1297 3459 a

235 3509 278 3541 sua
290 3492 326 3540 ibi
341 3510 373 3542 ex
387 3493 493 3557 Polybio
502 3492 606 3557 bausit),
616 3506 640 3542 et
657 3494 744 3558 Polyb.
788 3494 887 3558 Syriaca
904 3497 987 3542 beroea
1003 3511 1054 3542 ease
1068 3493 1196 3542 contendit
1209 3492 1295 3557 Stepb.

235 3573 379 3629 XXIX,6,
398 3571 412 3634 §
428 3573 453 3619 6.
469 3572 517 3619 Sed
527 3584 612 3620 neuter
625 3573 671 3619 suit
683 3573 745 3620 forte
789 3572 861 3621 Conf.
876 3573 1012 3638 Schweigh.
1031 3575 1062 3622 ed
1081 3571 1171 3640 Polyb.
1185 3575 1298 3639 XXVII,
1337 3583 1341 3592 ’

235 3643 318 3699 tioeter
337 3651 428 3698 Medon
447 3653 584 3698 Beroeoeust
604 3651 667 3698 idem
688 3667 745 3699 vero
790 3652 821 3713 8,
841 3653 857 3717 S
877 3654 907 3708 5.
923 3665 947 3702 et
963 3654 1119 3712 XXXVIII,
1136 3655 1167 3712 8,
1189 3653 1205 3718 s
1229 3669 1297 3701 t.-

235 3729 394 3778 hauddubie
413 3730 504 3777 Medon
524 3730 568 3777 inf.
585 3732 675 3787 XLIV,
699 3731 744 3790 45,
789 3732 916 3796 Equitibus
926 3745 952 3780 ct
963 3749 1063 3782 summat
1073 3733 1153 3798 partis
1163 3732 1227 3796 elles,
1240 3731 1265 3780 h.
1275 3747 1297 3778 e.

234 3808 279 3855 ubi
292 3811 375 3857 Livius
388 3810 477 3868 tradit,
489 3810 605 3875 Hippiam
621 3820 646 3856 et
659 3810 747 3858 Medo·
790 3811 925 3874 equitibus,
934 3813 977 3862 sed
987 3813 1036 3871 ite,
1047 3825 1076 3861 nt
1087 3813 1161 3861 simul
1173 3812 1197 3860 ei
1210 3810 1298 3860 tradita

236 3902 293 3933 nem
309 3889 428 3951 recepisse
446 3890 555 3936 Beroeam
574 3889 638 3954 (quae
656 3889 747 3936 utrius·
790 3901 851 3940 esset
864 3907 957 3940 summa
970 3893 1065 3958 imperii
1078 3890 1231 3941 totiusillitte
1244 3904 1299 3954 par·

235 3981 283 4027 que
291 3966 370 4028 patria
381 3965 483 4030 suit),et
496 3967 550 4032 (per
559 3968 650 4016 amicos
663 3968 745 4014 forsan
789 3972 834 4028 tie,
853 3971 870 4019 i.
889 3988 910 4019 e.
927 3972 1002 4019 totius
1018 3971 1198 4020 dextri-cornu.
1217 3971 1298 4032 Quum

235 4054 260 4090 et
278 4043 404 4107 cognatos)
420 4045 541 4104 effecisse,
556 4056 585 4093 ut
601 4046 746 4094 estendere·
789 4049 871 4112 Cotyn
879 4049 1003 4098 sinistrum
1012 4065 1099 4109 cornu,
1107 4048 1298 4114 regemmediam

235 4133 275 4170 tur
288 4123 395 4170 AErnilio.
407 4123 490 4170 MInus
500 4136 591 4172 certum
603 4137 653 4185 eet,
663 4137 743 4173 utrum
788 4127 863 4176 aciem
875 4130 979 4180 tenuisse
990 4129 1069 4189 dieat,
1078 4145 1131 4178 non
1142 4129 1228 4178 debuit
1238 4141 1299 4191 prte-
