2982 4702
250 333 317 415 104
449 327 453 337 ·
669 333 708 400 r.
739 332 875 404 nrvn
1159 310 1284 442 iiiii}

292 456 365 522 LX.
385 450 556 523 Cecidere
573 476 617 522 eo
636 450 699 524 die:
713 450 758 522 ah
778 451 973 522 Romanis¹
990 448 1136 534 ducenti
1149 452 1307 546 equites,

244 562 318 632 duo
331 561 459 649 millia,
472 561 571 632 haud
584 563 719 648 minus,
733 560 914 658 peditum;
929 560 1024 657 capti
1038 557 1152 630 ferme
1165 558 1309 632 ducenti

244 673 395 769 equites.
419 676 469 740 Ex
488 672 594 768 regiis
613 686 735 742 autem
753 670 879 766 viginti
901 671 1058 764 equitem
1077 668 1309 766 quadraginta

244 777 382 877 pedites
396 779 585 852 interfecti.
600 784 794 877 Postquam
808 777 949 850 rediere
962 779 1003 862 in
1015 792 1128 850 castra
1142 781 1309 868 uictores,

244 914 371 960 omnes
388 889 535 986 quidem
554 890 642 977 laeti,
665 904 747 960 aute
767 889 856 960 alios
874 888 1052 960 Thracum
1072 890 1231 972 insolens
1253 891 1307 960 lae·

244 1000 320 1070 titia
337 999 541 1072 eminebat:
562 1023 644 1070 curn
662 1014 771 1070 cantu
792 998 888 1070 enim
912 997 1091 1096 superfixa
1109 999 1225 1097 capita
1245 997 1306 1070 ho·

245 1110 378 1178 stium²
394 1124 579 1206 portantes
593 1107 914 1206 redieruntnpud
934 1113 1115 1180 Romanos
1134 1133 1208 1178 non
1223 1134 1307 1182 moe·

243 1220 337 1290 stitia
353 1235 493 1290 tantum
508 1246 552 1291 ex
573 1219 664 1290 male
679 1233 778 1316 gesta
791 1243 851 1306 re,
874 1216 936 1289 sed
958 1243 1070 1316 pavor
1090 1221 1196 1290 etiam
1213 1234 1306 1307 erat,

243 1355 288 1400 ne
303 1329 484 1428 extemplo
500 1345 613 1402 castra
626 1328 739 1399 hostis
755 1325 1020 1426 aggrederetur.
1034 1332 1215 1400 Eumenes
1229 1353 1306 1399 sua·

242 1436 347 1526 dere,
368 1453 409 1511 ut
430 1455 528 1520 tram
548 1443 709 1520 Peneum
727 1436 937 1510 transferret
951 1452 1081 1527 castra3
1096 1454 1137 1509 ut
1150 1463 1217 1536 pro
1232 1464 1307 1509 mu·

201 1641 204 1648 ‚
242 1550 405 1621 nimento
417 1575 558 1622 amnem
575 1548 746 1636 haberet,
763 1547 849 1618 dum
863 1548 1017 1646 perculsi
1029 1548 1160 1620 milites
1171 1551 1308 1620 animos

241 1658 461 1755 colligerent.
482 1659 616 1729 Consul
630 1659 768 1730 moveri
784 1657 918 1753 flagitio
933 1657 1071 1726 timoris
1086 1655 1242 1728 fatendi:
1256 1660 1308 1727 vi·

241 1782 321 1838 ctus
335 1783 455 1839 tamen
475 1769 636 1854 ratione,
652 1767 794 1838 silentio
808 1767 926 1838 nectis
944 1766 1161 1838 transductis
1175 1770 1306 1866 eopiis,

241 1891 355 1948 castra
369 1878 406 1946 iu
421 1877 682 1975 ulterioreripa
698 1878 907 1962 communit.
921 1881 995 1947 Rex
1008 1891 1178 1973 „postero
1193 1876 1251 1948 die
1263 1877 1306 1947 ad

240 1985 467 2056 lacessendos
481 1987 604 2084 praelio
618 1987 739 2057 hostes
755 1975 986 2084 progressus,
1004 1987 1200 2084 postquam
1213 2003 1308 2058 trans

194 2093 203 2112 “
241 2120 384 2166 amnem
402 2097 439 2165 in
463 2112 543 2168 tuto
561 2099 677 2195 posita
702 2111 816 2168 castra
836 2097 1106 2185 animadvertit,
1129 2095 1308 2168 fatebatur

240 2205 388 2303 quidem
407 2223 616 2305 peccatum,
635 2207 735 2304 quod
754 2205 870 2304 pridie
893 2232 968 2276 non
986 2208 1170 2277 institisset
1183 2207 1306 2294 victis;

240 2317 303 2388 sed
316 2316 501 2412 aliquanto
517 2319 688 2413 majorem
704 2317 845 2415 culpam
862 2342 962 2404 esse,
978 2315 1079 2413 quod
1093 2333 1199 2388 nocte
1213 2315 1307 2388 foret

239 2440 424 2495 cessatum.
440 2429 549 2513 Nam,
564 2442 606 2497 ut
619 2428 800 2497 neminem
816 2426 926 2497 alium
942 2425 1118 2498 suorum³
1134 2443 1305 2514 moveret,

239 2533 310 2603 levi
333 2527 513 2604 armatura
535 2535 712 2624 immissa,
736 2535 994 2633 trepidantium
1015 2537 1052 2604 in
1072 2538 1226 2607 transitu
1243 2537 1305 2608 flu·

241 2642 347 2711 minis
365 2641 527 2714 hostium
546 2643 659 2714 deleri
674 2669 803 2742 magna
823 2661 983 2742 exparte
998 2647 1119 2744 copias
1135 2649 1303 2745 potuisse.

240 2753 409 2822 Romanis
423 2754 570 2850 quidem
585 2778 738 2851 praesens
752 2778 865 2852 pavor
878 2753 1046 2852 demptus
1062 2768 1156 2841 erat,
1174 2757 1212 2824 in
1227 2770 1305 2826 tuto

240 2876 354 2932 castra
387 2861 632 2934 habentibus:
661 2861 833 2934 damnum
858 2865 953 2942 inter
978 2878 1102 2934 caetera
1128 2865 1304 2962 praecipue

239 3061 328 3099 munus
340 3057 406 3104 erat;
417 3045 492 3094 Drak.
504 3047 577 3096 Coni.
589 3044 620 3094 ud
634 3055 711 3106 24,n.
724 3063 749 3095 2.
794 3058 915 3104 versatur,
934 3044 1019 3094 missili
1026 3046 1141 3114 trajectus
1152 3046 1246 3096 cecidit.
1259 3046 1303 3094 Eu.

275 3124 336 3172 Car.
346 3127 405 3188 LX.¹
413 3140 434 3171 1.
444 3125 523 3174 Cecid.
533 3142 561 3172 eo
571 3125 611 3172 die
620 3125 653 3172 ab
664 3127 750 3172 Roma·
830 3140 854 3172 a.
864 3125 993 3192 Superfioea
1003 3125 1087 3188 capita
1099 3124 1216 3188 bostium,
1227 3126 1304 3174 intell.

239 3201 473 3266 nis(vid.xxv11,
484 3205 514 3262 5,
523 3221 549 3252 u.
562 3203 588 3268 4)
599 3205 640 3264 CC
647 3205 748 3268 equites,
793 3214 836 3250 aut
845 3203 984 3252 addendum
991 3202 1075 3260 brastis,
1087 3203 1126 3252 vel
1132 3203 1220 3261 contin·
1228 3207 1302 3253 Gron.

239 3281 288 3328 duo
299 3280 504 3344 milliapeditum,
518 3283 587 3347 capti
596 3284 749 3348 CCequites:
793 3292 818 3346 et
836 3283 893 3330 Em.
915 3282 962 3330 Sed
977 3281 1051 3330 Dral.
1071 3282 1175 3347 putabat
1193 3283 1304 3332 librarios

239 3359 283 3406 sed
295 3358 359 3406 Plut.
368 3359 449 3406 AEmil.
463 3361 539 3410 Paull.
554 3379 609 3426 pag.
623 3364 672 3425 529
682 3396 690 3420 ,
699 3362 748 3410 duo
792 3375 878 3426 voeem
890 3361 970 3408 minus
981 3373 1077 3422 notam,
1089 3377 1161 3427 quam
1174 3378 1226 3410 non
1236 3363 1304 3410 intel-

239 3436 314 3484 millia
324 3447 348 3483 et
360 3436 507 3500 quingentos
520 3456 610 3501 eaesos,
621 3451 749 3500 sexcenth
792 3437 912 3502 figebant,
931 3440 1054 3500 omisisse,
1069 3439 1198 3504 romphaeis
1211 3442 1305 3490 scilicet

239 3527 330 3580 captos.
344 3515 431 3577 tradit,
446 3528 472 3565 et
490 3518 517 3564 iu
533 3520 660 3584 Apophth.
675 3531 692 3567 t.
709 3522 748 3578 11,
793 3517 867 3582 (vide
880 3518 911 3564 ad
925 3520 1027 3579 XXXI,
1041 3520 1089 3582 39,
1110 3535 1135 3566 n.
1148 3518 1192 3588 7).Ι
1206 3546 1241 3555 -
1255 3521 1304 3568 Eu·

237 3610 341 3660 p.,197,
354 3610 430 3642 eaesos
444 3607 486 3644 aut
503 3609 589 3661 captos
599 3599 747 3660 MMDCCC.
793 3611 872 3644 inanes
882 3596 997 3658 suadere,
1010 3598 1062 3646 scil.
1078 3598 1185 3658 consuli,
1196 3610 1243 3648 etc.
1257 3597 1304 3646 Sed

238 3699 272 3712 -
287 3676 352 3722 Ante
371 3673 449 3734 alios,·
468 3676 630 3740 supplendum
648 3689 728 3724 umen
738 3711 746 3734 ,
794 3673 1303 3740 fortemoxleg.transferrentethaberem.

238 3753 304 3816 quod
313 3747 372 3816 post¹
381 3754 478 3816 quidam
488 3771 663 3818 nonnunquam
671 3757 750 3804 omitti
830 3753 854 3799 3.
869 3755 901 3798 Ut
910 3753 1023 3820 (etiamsi)
1033 3754 1151 3801 neminem
1164 3755 1240 3802 alium
1250 3772 1303 3803 sua·

239 3835 307 3871 notat
321 3825 396 3872 Doer.
413 3827 489 3890 Supra
503 3828 574 3886 XLI,
587 3828 632 3885 18,
644 3826 750 3874 Utresti·
795 3845 849 3875 rum
869 3844 984 3888 moveret,
999 3844 1088 3898 praeter
1104 3832 1182 3880 levem
1199 3844 1304 3880 armatu·

236 3912 314 3948 lueret
330 3918 380 3949 rem
400 3902 556 3962 inclinatam,
576 3905 672 3961 consul,
687 3921 749 3968 equo
795 3923 858 3969 ram,
872 3925 899 3956 ea
913 3909 964 3957 sola
980 3910 1102 3969 iennrissa,
1121 3922 1168 3959 etc.
1181 3939 1217 3948 —
1229 3915 1303 3960 Dam-

236 3979 362 4035 adveccus,
376 3997 432 4028 suos
442 3983 539 4045 quidem
552 4001 569 4030 a
575 3983 641 4047 suga
652 3999 749 4056 reneca·
793 4002 852 4034 rrum
865 4005 939 4047 vero,
956 4000 1036 4038 tamen
1049 3989 1112 4038 inter
1130 4001 1236 4048 coetera,·
1248 3990 1303 4037 vide

237 4058 285 4114 νέες
295 4058 353 4122 pise,
365 4058 422 4105 dum
432 4060 552 4108 incautius
561 4073 619 4130 ante
628 4062 698 4126 sigua
708 4063 748 4109 ob·
794 4065 825 4114 ad
835 4068 898 4128 vn,
913 4085 958 4132 19,
970 4087 994 4117 n.
1010 4071 1032 4118 3.
