2984 4706
207 389 342 495 titt
371 401 403 452 -’
509 408 604 475 Ltn.
631 410 742 476 xtv.
771 410 877 486 oar.
910 413 1008 478 1.11.
1167 408 1235 480 265

181 533 248 630 p'er
264 531 398 601 circum
417 515 649 600 reveheretur
666 528 710 600 ad
728 526 824 599 loros
845 529 1009 627 publicos
1022 527 1049 618 ⁵,
1066 530 1238 603 laureatas

181 639 330 712 tabellas
348 639 485 737 populo
509 639 673 709 ostendit.
692 638 834 728 Quibus
852 629 1069 737 conspectis,
1088 657 1238 739 repente

181 754 371 822 immemor
389 751 580 848 spectaculi
596 750 753 847 populus
774 751 813 819 in
832 749 990 820 medium
1003 749 1171 821 decurrit.
1188 756 1239 823 Eo

183 878 347 934 senatum
361 860 487 930 consul
501 861 892 955 vocavit,recitatisque
902 857 1059 945 tabellis,
1073 875 1109 930 et
1122 877 1240 932 aucto·

182 974 287 1043 ritate
309 977 453 1042 Patrum
473 995 540 1067 pro
558 967 644 1039 foris
667 963 821 1067 publicis
842 970 1065 1040 denuntiavit
1082 971 1238 1068 populo:

183 1089 222 1154 L.
245 1081 434 1157 AEmilium
452 1080 622 1176 collegam
642 1085 751 1175 signis
767 1079 903 1150 collatis
919 1105 1001 1150 cum
1018 1105 1100 1176 rege
1111 1087 1240 1154 Perseo

178 1219 369 1291 pugnasse.
396 1193 638 1262 Macedonum
663 1196 858 1260 exercitum
881 1215 1014 1261 cresum
1025 1193 1239 1288 fusumque.

184 1311 316 1400 Regem
335 1307 560 1400 campaneis
571 1303 724 1396 fugisse.
754 1303 914 1370 Civitates
932 1325 1055 1371 omnes
1073 1303 1243 1373 Macedo·
1275 1373 1280 1382 ,

185 1420 257 1484 nioe
277 1419 314 1483 in
335 1413 505 1482 ditionem
518 1410 654 1508 populi
659 1417 815 1480 'romani
832 1417 981 1481 ventsse.
1004 1413 1067 1480 His
1092 1410 1242 1497 auditis,
1331 1479 1333 1482 .

186 1523 322 1594 clamor
359 1544 441 1592 cum
468 1523 605 1618 ingenti
635 1519 762 1616 plausu
799 1535 933 1590 ortus:
966 1520 1061 1590 ludis
1088 1519 1243 1608 relictis,

186 1633 316 1704 domus
334 1654 462 1727 magna
475 1655 556 1727 pars
574 1629 762 1699 hominurn
782 1631 825 1700 ad
844 1629 1018 1727 conjuges
1036 1626 1243 1727 liberosque

186 1745 306 1820 laetum
325 1743 491 1812 nuntium
510 1737 714 1837 portabant.
737 1740 877 1809 Tertius
896 1739 1056 1810 decimus
1072 1739 1149 1810 dies
1167 1753 1244 1810 erat

187 1854 232 1924 ab
247 1879 309 1940 eo,
329 1877 403 1949 quo
420 1852 456 1920 in
473 1849 682 1928 Macedonia
695 1864 894 1947 pugnaturn
909 1865 971 1920 est.

234 1969 278 2034 ΙΙ.
301 1970 448 2033 Postero
468 1961 524 2032 die
542 1975 686 2031 senatus
706 1962 745 2029 in
765 1961 863 2031 curia
883 1958 1047 2045 habitus,
1066 1960 1244 2057 supplica-

187 2076 375 2169 tionesque
402 2071 571 2158 decretae,
591 2085 626 2140 et
649 2070 1001 2142 senatusconsultum
1019 2069 1154 2166 factum
1174 2085 1244 2156 est,

88 2200 92 2206 '
187 2183 228 2254 ut
251 2183 395 2270 consul,
415 2207 522 2278 quoe,
546 2197 675 2277 praeter
702 2181 832 2251 milites
861 2183 1050 2277 sociosque
1085 2181 1242 2265 navales,

188 2290 395 2384 conjuratos
417 2288 565 2360 haberet
575 2300 599 2375 1¹,
617 2289 830 2360 dimitteret:
856 2291 901 2360 de
924 2289 1098 2360 militibus
1122 2292 1245 2361 sociis-

187 2426 259 2497 que
276 2397 458 2470 nav-atibus
477 2398 697 2486 dimittendis
714 2399 919 2488 referretur,
937 2425 1051 2496 quum
1071 2401 1178 2498 legati
1196 2401 1241 2471 ab

226 2570 253 2616 5.
266 2571 314 2614 Per
322 2569 413 2628 circum
422 2586 444 2616 r.
451 2569 488 2624 ad
489 2567 562 2633 soros
566 2569 677 2632 publicos
684 2587 694 2626 ,·
735 2567 846 2629 finiebat,
860 2568 1000 2633 conjuratos
1013 2569 1075 2626 dici,
1090 2570 1132 2633 qui
1143 2581 1200 2634 post
1209 2587 1247 2618 so·

190 2649 221 2696 de
236 2649 295 2696 Iorls
307 2647 479 2712 publicisquae
491 2647 555 2695 dicta
570 2659 626 2696 sunt
640 2648 696 2695 vido
738 2648 809 2696 Iennc
839 2659 1013 2696 sacramentum
1041 2649 1147 2708 militiae,
1171 2667 1247 2713 quum

189 2728 221 2776 ad
233 2730 338 2785 xxIx,
351 2729 392 2788 37,
401 2745 426 2774 n.
442 2743 466 2776 n.
606 2755 607 2764 κ
740 2727 857 2777 decuriati
877 2742 905 2780 ac
924 2727 1052 2776 centuriati
1072 2728 1185 2786 fuissent,
1204 2745 1246 2775 sua

226 2809 286 2856 Cur.
305 2809 343 2870 II,
360 2823 381 2854 1.
402 2808 479 2868 Quos,
499 2816 592 2868 proeter
610 2803 696 2864 milites
739 2805 865 2861 voluntate
879 2805 1007 2865 jurassent,
1029 2806 1077 2853 Sed
1098 2807 1246 2865 conjuratIo·

190 2884 314 2948 sociosque
332 2885 445 2940 navales,
465 2882 603 2948 conjuratos
627 2881 697 2928 lrabe-
740 2900 795 2931 nem
812 2882 878 2930 illam
892 2896 1050 2948 spontaneam
1068 2895 1177 2948 tempore
1191 2884 1247 2930 belli

191 2961 499 3026 retrdifficilcdictu,qni
511 2960 633 3026 conjurati
646 2961 697 3007 luc·
741 2961 826 3010 Punici
847 2964 873 3009 II
895 2961 922 3008 irr
946 2963 1045 3009 solenne
1066 2963 1245 3022 jusjurandum,

191 3039 438 3105 rintpraetormilites
451 3040 696 3102 sociosqueuovales.
741 3056 792 3102 quo
816 3039 904 3087 milites
921 3057 934 3086 a
952 3040 1057 3088 tribunis
1080 3041 1247 3104 adigerentur,

192 3119 327 3184 legionarii
342 3137 393 3168 csse
412 3136 462 3167 non
479 3128 627 3182 potuenmt:
641 3133 697 3163 nam
740 3129 856 3166 mutatam
867 3135 932 3179 esse,
943 3119 1067 3180 adeoque,
1078 3120 1191 3182 quiillud
1205 3121 1246 3168 dc·

191 3199 218 3246 hi
241 3200 340 3265 nominc
359 3198 461 3246 militum
480 3197 649 3252 continentur,
673 3206 697 3242 et
742 3199 844 3256 dissent,
858 3214 908 3245 non
922 3199 1025 3262 amplius
1042 3199 1183 3263 conjuratos
1199 3199 1248 3246 dici

193 3293 276 3325 onmes
288 3288 438 3325 sacramento
457 3276 576 3324 dicebant.
593 3275 633 3321 An
651 3291 696 3321 vo·
741 3278 863 3340 potuisse.
880 3289 964 3325 monet
983 3278 1058 3325 Drak.
1078 3278 1145 3324 Idem
1168 3289 1248 3325 tamen

193 3357 291 3404 luntarii
303 3369 328 3405 et
339 3359 452 3405 evocati?
466 3355 530 3404 Mihi
544 3370 595 3402 non
609 3355 696 3416 liquet.
742 3373 793 3404 non
803 3357 901 3405 meliora
910 3375 935 3405 se
948 3358 1009 3405 scire
1018 3357 1161 3422 profitetur3
1170 3373 1248 3420 neque

195 3436 227 3482 Hi
238 3436 314 3494 enim,
326 3437 362 3484 uti
376 3435 498 3484 voluntate
514 3435 601 3487 ducem
616 3449 699 3494 seque·
742 3436 908 3493 satisfaciunt,
921 3453 975 3499 qnae
994 3436 1102 3500 disputat
1119 3436 1203 3498 Sigon.
1218 3436 1248 3483 de

193 3515 290 3571 bantur,
302 3517 334 3563 ita
343 3517 414 3564 inviti
423 3533 474 3564 non
483 3515 590 3580 potuisse
600 3503 699 3560 retineri
743 3517 796 3562 Jur.
815 3515 868 3563 Civ.
889 3519 961 3562 Rom.
982 3517 1010 3574 1,
1033 3515 1072 3562 15.
1094 3516 1150 3560 Mea
1173 3513 1248 3576 quali-

194 3595 315 3653 videntur‚
337 3609 410 3660 atque
432 3597 493 3644 adeo
520 3611 598 3658 neque
622 3594 698 3650 scio,
743 3611 845 3656 cumque
863 3595 983 3642 sententiat
999 3609 1049 3641 vox
1066 3594 1164 3640 navales
1179 3593 1249 3639 etiam

193 3687 243 3732 quo
256 3671 345 3720 dimitti
357 3675 584 3736 juberentur-‚opus
598 3672 698 3719 suissen.
743 3673 773 3719 ad
792 3672 877 3718 milites
899 3672 1037 3729 reserenda,
1060 3673 1092 3718 ita
1112 3681 1140 3718 ut
1165 3669 1251 3716 milites

194 3748 259 3795 nuk.
275 3750 417 3814 Consiuatos
431 3751 572 3814 luisse‚qni
585 3766 637 3797 non
651 3751 699 3797 sin·
743 3753 841 3798 navales
864 3751 931 3808 sint,
951 3751 994 3813 qni
1019 3751 1105 3798 armati
1132 3749 1157 3795 in
1183 3751 1250 3795 navi·

195 3826 300 3888 guli,ut
309 3828 402 3885 milites,
418 3829 461 3876 sed
470 3831 541 3876 slmul
551 3840 699 3876 sacramento
743 3831 788 3878 bus
810 3844 907 3894 operam
926 3829 1053 3877 militarem
1071 3839 1200 3892 praestent,
1212 3844 1251 3874 so-

196 3903 317 3962 dixerint,
328 3921 407 3968 neque
416 3907 462 3953 hos
468 3908 548 3966 justos
559 3908 633 3954 fuIssc
641 3908 701 3954 mili·
744 3909 776 3956 cii
791 3924 848 3956 vero
866 3909 973 3955 navales·
982 3918 1061 3954 nautae
1077 3923 1119 3954 seu
1137 3909 1252 3970 remiges,

196 3993 244 4038 tes,
265 3984 321 4045 qnia
342 3986 435 4044 justum
458 3985 506 4030 illis
527 3997 699 4032 sacramentum
744 4000 768 4036 et
785 3987 908 4052 conjurati
925 4003 1020 4046 omues,
1039 3987 1080 4050 qni
1100 3988 1125 4032 in
1144 3987 1251 4034 co'nsuIIs

197 4060 313 4120 deluerit,
334 4062 485 4110 existimabat
506 4057 613 4110 Torneb.
637 4064 700 4111 Adv.
745 4067 816 4113 verba
834 4066 975 4125 juraverint.
997 4066 1068 4112 Conl.
1086 4066 1117 4112 ad
1131 4067 1180 4122 IX,
1203 4067 1249 4120 38,

198 4141 243 4200 xt,
256 4143 295 4190 18.
308 4144 345 4190 Ex
354 4142 405 4191 Lis.
417 4143 500 4202 XIIII,
512 4144 554 4202 38,
565 4144 634 4190 (lter.
645 4159 701 4190 oon·
746 4161 769 4192 n.
783 4160 805 4205 1,
817 4155 841 4192 et
854 4155 960 4192 extrema
971 4143 1042 4206 hujus
1054 4161 1107 4208 cap.
1124 4143 1195 4192 verba
1206 4137 1252 4202 ‚in
