2984 4706
252 410 319 504 278
672 409 709 472 r.
736 408 869 474 mvn
1157 387 1183 482 a,
1195 387 1220 484 ἓ,
1233 385 1276 488 3231

295 535 354 600 IX.
374 532 559 600 Exercitus
572 527 701 597 deinde
714 530 750 596 iu
765 525 916 596 hiberna
930 525 1093 596 dimissus
1107 539 1170 596 ost.
1188 528 1302 594 Maxi-

249 663 343 710 mam
361 647 499 735 partem
520 637 702 734 copiarum
721 635 963 733 Amphipolis,
983 636 1135 730 reliquas
1153 636 1303 732 propin-

249 773 327 844 quae
341 746 448 818 urbes
461 761 686 842 acceperunt.
702 748 768 816 Hic
781 746 862 816 finis
874 744 977 832 belli,
991 769 1104 840 quum
1117 745 1304 840 quadrien-

249 857 349 928 nium
376 857 590 926 continuum
615 854 787 925 bellatum
813 868 923 940 esset,
946 856 1039 923 inter
1060 859 1241 923 Romanos
1261 879 1303 922 ac

248 969 375 1038 Persea
387 963 474 1048 fuit3
489 965 656 1060 idemque
669 963 751 1034 finis
765 965 887 1060 inclyti
903 988 968 1060 per
983 969 1135 1060 Europae
1149 964 1304 1061 plerum-

249 1085 341 1171 que¹
365 1089 473 1170 atque
492 1076 609 1146 Asiam
632 1093 776 1144 omnem
800 1075 910 1169 regni.
936 1074 1154 1143 Vicesimum
1172 1071 1216 1142 ab
1235 1076 1305 1155 Ca-,

248 1209 336 1256 rano
348 1193 375 1270 ²,
394 1186 458 1280 qui
476 1185 612 1281 primus
629 1185 806 1278 regnauit,
824 1187 949 1253 Persea
967 1182 1212 1253 numerabant.
1224 1187 1303 1250 Per·

249 1317 348 1380 seus,
364 1297 407 1382 Q.
425 1295 570 1380 Fulvio,
588 1297 626 1362 L.
643 1295 775 1363 Manlio
792 1291 1017 1378 consulibus,
1034 1305 1186 1388 regnum
1204 1315 1303 1361 aece-

249 1404 325 1499 pit:
344 1427 363 1472 a
380 1417 505 1474 senatu
524 1427 586 1472 rex
604 1417 658 1472 est
674 1401 891 1499 appellatus,
909 1405 957 1472 Μ.
975 1402 1101 1488 Iunio,
1117 1409 1156 1471 A.
1169 1401 1304 1471 Manlio

249 1509 487 1582 consulibus:
516 1512 678 1608 regnavit
710 1511 878 1581 undecim
904 1533 1030 1579 annos.
1066 1508 1304 1581 Macedonum

249 1619 402 1694 obscura
421 1620 613 1691 admodum
630 1618 722 1690 fama
734 1645 850 1716 usque
869 1618 912 1689 ad
928 1619 1133 1716 Philippum
1144 1621 1304 1712 Amyntae

248 1729 362 1802 filium
380 1729 469 1800 fuit:
487 1729 571 1800 inde
589 1755 629 1801 ac
644 1753 808 1826 pereum
824 1752 980 1798 crescere
996 1753 1108 1824 quum
1122 1728 1303 1824 coepisset,

248 1845 400 1934 Europae
418 1864 455 1910 se
473 1855 593 1910 tamen
607 1838 742 1909 finibus
759 1839 954 1924 continuit,
972 1839 1142 1907 Graeciam
1160 1861 1303 1907 omnem

248 1965 283 2020 et
302 1964 439 2045 partem
457 1949 613 2020 Thraciae¹
632 1963 739 2044 atque
756 1947 886 2042 Illyrici
904 1948 1075 2044 amplexa.
1098 1943 1305 2043 Superfudit

248 2055 378 2128 deinde
391 2080 429 2126 sc
442 2059 478 2126 in
491 2059 628 2140 Asiam3
643 2072 678 2126 et
694 2055 867 2126 tredecim
880 2059 999 2142 annia,
1014 2056 1146 2152 quibus
1158 2056 1304 2126 Alexan-

248 2164 313 2234 der
338 2167 518 2260 regnavit,
545 2169 702 2262 primum
729 2166 871 2249 omnia,
891 2191 962 2261 qua
986 2170 1170 2236 Persarum
1192 2189 1306 2262 prope

249 2276 423 2346 immenso
448 2277 563 2372 spatio
588 2277 777 2373 imperium
800 2273 933 2358 fuerat,
957 2299 1028 2346 suae
1046 2276 1192 2346 ditionis
1210 2273 1304 2344 serit.

248 2381 380 2454 Arabas
404 2383 488 2454 bino
510 2384 743 2479 Indiamque,
768 2408 840 2479 qua
864 2399 1038 2455 terrarum
1058 2385 1205 2454 ultimus
1224 2383 1304 2452 finis

249 2489 412 2562 Rubrum
436 2518 533 2564 mare
556 2494 782 2591 amplectitur
792 2489 819 2579 ³,
844 2495 1053 2589 peragravit.
1080 2497 1173 2562 Tum
1194 2493 1304 2562 maxi-

284 2685 400 2734 emin.
424 2703 444 2734 1.
461 2689 505 2734 Per
526 2688 628 2750 Europa
645 2688 753 2752 pierrun·
798 2687 916 2734 rationem
931 2687 1043 2736 habuisse
1060 2687 1169 2746 videtum
1186 2688 1260 2739 Drak.
1273 2716 1305 2724 —-

250 2778 311 2824 que,·
326 2763 382 2810 udo
393 2764 424 2810 ad
434 2767 528 2823 XLIII,
543 2781 584 2822 10,
596 2781 620 2812 n.
636 2781 658 2813 1.
798 2766 894 2811 Partem
907 2764 1017 2812 Thracica
1029 2775 1103 2829 atque
1115 2766 1210 2828 Illyrici
1219 2767 1306 2828 ample-

286 2857 309 2888 a.
324 2841 467 2890 VIccsimnm
480 2844 512 2890 ab
525 2844 635 2900 Carano,
649 2842 755 2890 HcracII·
798 2858 851 2900 ωας
861 2860 917 2890 cum
928 2846 956 2894 τὸ
967 2846 1084 2907 amplexa
1094 2861 1125 2892 ex
1134 2861 1179 2892 usu
1191 2845 1306 2907 loquendi

250 2919 296 2980 da,
311 2921 354 2984 qni
366 2921 461 2985 primus
478 2922 603 2987 regnavit,
621 2921 754 2970 secundum
798 2921 841 2968 vir
848 2923 931 2970 referri
943 2935 1015 2985 queat
1025 2923 1056 2973 ad
1067 2923 1207 2986 praecedam
1218 2939 1307 2972 nomeu

249 2999 369 3046 fabulosas
383 3001 524 3047 Graecorum
536 3002 692 3048 narrationes.
701 3001 755 3046 Ma·
792 3000 884 3064 sama,
901 3003 1015 3064 SIgoniua
1024 3018 1110 3049 vocem
1115 3002 1229 3065 potentia
1241 3002 1306 3049 cxci-

164 3111 170 3121 .
249 3077 358 3124 cedoniae
365 3080 439 3124 XXX
445 3095 512 3142 reges
519 3080 590 3127 fuisse
599 3080 658 3126 dicit
665 3078 757 3127 Juuin.
801 3078 863 3126 dieac
882 3080 1017 3142 auspicatus
1034 3092 1085 3138 est;
1099 3081 1175 3128 immo
1192 3081 1244 3129 baec
1255 3082 1307 3144 ipsa

249 3153 292 3200 lIb.
299 3153 423 3212 xxxffl,
436 3171 466 3216 23
477 3168 502 3204 et
511 3159 626 3204 XXXIX
631 3156 756 3204 Eusebius.
802 3171 850 3206 vox
869 3170 965 3222 recepta
981 3158 1068 3206 dunde
1081 3171 1118 3206 est
1134 3160 1161 3206 iu
1175 3159 1233 3210 adit.
1252 3171 1306 3208 tert.

251 3233 284 3279 Hi
293 3245 422 3296 regnarunt
431 3234 481 3290 646
488 3235 653 3286 annoa.Cons.
660 3234 758 3282 Remeri
801 3235 902 3300 sigonii.
916 3238 1044 3287 Existimat
1055 3254 1114 3288 vero
1125 3240 1199 3288 Doer.
1213 3240 1308 3288 Livium

251 3311 373 3358 Reineccii
386 3313 482 3360 familiae
491 3330 574 3377 regum
583 3313 677 3361 Maced.
690 3313 755 3376 LIpa.
800 3312 826 3360 in
846 3315 927 3363 animo
948 3315 1060 3366 babuisse
1080 3318 1253 3366 Macedoniam
1278 3319 1308 3366 de

254 3387 334 3448 15713
355 3391 483 3454 spanhem.
502 3392 532 3446 de
550 3394 590 3440 Pr.
607 3403 630 3439 et
640 3393 673 3438 V.
689 3391 721 3439 N.
732 3392 756 3452 I,
800 3407 847 3453 qua
856 3394 929 3441 verba
946 3395 1016 3454 fecit,
1031 3407 1055 3444 et
1068 3412 1219 3459 eorumquae
1232 3397 1307 3446 modo

253 3468 299 3528 371
324 3485 373 3532 aeq.
397 3470 489 3534 Cropbi
511 3471 595 3534 Antiq.
614 3470 711 3518 Maced.
729 3471 756 3515 iu
800 3471 940 3536 scripserat,
961 3473 1141 3533 immemorem,
1155 3486 1203 3524 tam
1224 3475 1308 3538 copis-

250 3546 321 3596 Tbea.
339 3551 451 3598 Gronov.
468 3561 485 3598 t.
496 3551 546 3606 VI,
558 3565 613 3614 pag.
627 3549 695 3596 2855
716 3565 754 3612 aq.
801 3559 850 3606 set,
869 3566 940 3612 quam
957 3553 1072 3615 amplexa
1090 3552 1122 3600 ad
1136 3554 1308 3602 Macedoniam

252 3638 276 3674 et
295 3627 355 3675 Lud.
369 3627 496 3686 Nonum,
511 3629 605 3678 Comm.
619 3627 650 3676 ad
665 3628 758 3676 Goltzir'
801 3628 920 3677 retulisse.
935 3631 980 3678 En.

147 3763 165 3770 Α
252 3707 331 3755 Graee.
343 3707 370 3770 p.
389 3707 599 3770 208.-Regnavit
613 3708 652 3754 XI
663 3722 755 3763 anuos,
839 3707 930 3768 3.Qua
944 3718 1062 3756 terrarum
1075 3708 1172 3756 ultimus
1183 3708 1242 3774 finit
1260 3711 1308 3756 uu-

253 3783 280 3828 X
289 3783 355 3851 apud
366 3783 452 3834 Euseh.
467 3786 603 3832 Secundum
616 3785 709 3834 Livium
721 3801 758 3832 re·
802 3784 871 3832 tram
882 3801 949 3832 mm
958 3786 1127 3850 amplectitur3
1141 3787 1174 3834 cf.
1184 3788 1309 3843 XXXVI,

254 3862 337 3924 gnavit
354 3861 384 3908 ab
403 3878 468 3910 anno
485 3864 558 3911 Urbis
576 3863 700 3923 574-5o5;
714 3863 758 3915 aed
804 3874 881 3923 17,et
897 3865 980 3921 ml,
1001 3863 1044 3912 52.
1065 3864 1112 3912 Scd
1129 3865 1230 3912 omniuo
1253 3880 1309 3912 cum

252 3937 294 3984 bic
315 3938 455 3987 alterutrum
476 3953 569 3989 tantum
588 3956 690 4004 annum,
708 3958 758 4006 quo
802 3942 880 3989 Gron.
902 3953 927 3992 ct
943 3941 1035 3990 Duker.
1051 3943 1098 4006 leg.
1117 3942 1213 3990 ultimos
1222 3942 1308 4006 fines:

255 4015 404 4079 velregnum
417 4018 518 4083 adeptus
530 4032 583 4080 eat,
595 4020 634 4068 vel
648 4035 678 4068 eo
690 4021 756 4070 cxci·
801 4036 905 4083 namque
924 4036 954 4069 rx
972 4021 1088 4084 opinione
1102 4023 1216 4068 Veterum
1233 4023 1309 4068 Ocea-

255 4092 304 4156 dit,
313 4104 477 4160 computasse,
486 4108 510 4146 ct
523 4097 638 4148 nunnius
649 4099 759 4146 neutum
802 4115 847 4148 nur
858 4110 961 4159 terrain,
970 4114 1023 4148 non
1033 4098 1084 4149 baec
1096 4097 1172 4156 illum,
1186 4098 1308 4161 amplecti·
