2982 4702
718 299 726 327 l

220 375 343 475 'ttqgtss
445 393 536 458 mn.
564 386 1017 458 xL11.CAP.L1.L11.
1211 383 1261 478 ⁸9

193 521 426 599 Boeotornrn,
453 513 517 608 qui
544 535 618 582 non
642 508 835 608 explebant
850 508 939 605 ‘plus
960 531 1070 604 quarn
1087 506 1261 604 quingen·

192 639 317 697 torum
330 647 457 695 omnes
470 645 680 708 numerum,
694 624 792 716 Lyco
804 617 955 690 Achaeus
969 613 1158 714 praelectus
1172 630 1258 686 erat.

192 739 246 807 Ex
268 736 325 806 his
347 735 467 804 mixtis
490 747 545 804 tot
568 730 811 830 populorum,
837 743 892 799 tot
916 728 1077 824 gentium
1100 724 1258 810 auxiliis,

106 906 112 912 .
192 845 387 917 duodecim
412 842 524 914 millia
548 855 769 913 armatorum
796 836 908 910 ferme
933 835 1193 909 efficiebantur.
1213 841 1261 906 E-

193 959 339 1054 quitum
366 981 411 1028 ex
437 967 515 1026 tota
542 951 753 1024 Macedonia
777 961 1004 1020 contraxerat
1035 948 1102 1018 tria
1131 945 1260 1032 millia3

192 1081 341 1138 venerat
354 1065 484 1137 eodem
497 1069 628 1160 Cotys,
651 1061 793 1134 Seuthae
809 1057 921 1146 lilius,
939 1084 1002 1129 rex
1018 1058 1134 1154 gentis
1147 1057 1262 1155 Odry-

191 1201 334 1262 sarum,
348 1201 439 1248 curn
461 1175 559 1246 mille
576 1174 725 1246 delectis
747 1171 948 1268 equitibus,
969 1170 1047 1266 pari
1064 1165 1177 1239 terme
1195 1191 1261 1266 pe·

192 1289 310 1360 ditum
329 1311 493 1359 numero.
521 1289 668 1356 Summa
693 1284 804 1354 totius
827 1281 1004 1352 exercitus
1025 1278 1170 1374 triginta
1192 1302 1259 1348 no-

104 1415 107 1422 “
189 1415 275 1470 ‘vern
303 1398 412 1468 millia
438 1395 601 1495 peditum
631 1407 754 1480 erant,
781 1406 938 1490 quatuor
966 1387 1141 1484 equitnm.
1170 1389 1260 1458 Satis

192 1507 400 1595 constabat,
416 1503 616 1578 secundom
634 1527 719 1580 eum
734 1502 931 1573 exereitum
942 1494 969 1584 ⁵,
983 1519 1093 1592 quern
1108 1499 1259 1591 Magnus

190 1618 394 1690 Alexander
420 1622 457 1688 in
482 1619 599 1688 Asiam
624 1615 779 1712 trajecit,
801 1632 989 1707 nunquam
1012 1607 1122 1679 ullius
1139 1611 1257 1678 Mace·

191 1727 329 1800 donum
348 1731 441 1827 regis
458 1730 579 1827 copias
595 1741 711 1798 tantas
731 1725 849 1796 luisse.

238 1842 314 1910 LII.
337 1841 465 1929 Sextus
487 1853 523 1909 et
540 1839 729 1910 vicesimus
752 1843 891 1906 annust
915 1831 1099 1926 agebatur,
1119 1853 1163 1900 ex
1183 1855 1258 1926 quo

189 1949 329 2045 petenti
349 1948 514 2046 Philippo
534 1947 617 2018 data
638 1960 812 2045 parerat.
833 1948 899 2014 Per
924 1941 961 2012 id
986 1965 1094 2011 omne
1113 1955 1258 2038 tempus

189 2057 313 2152 quieta
332 2056 543 2128 Macedonia
563 2072 599 2127 et
619 2056 830 2154 progeniem
851 2052 1032 2138 ediderat,
1057 2053 1161 2146 cujus
1184 2075 1257 2122 ma·

189 2189 261 2262 gna
276 2189 359 2263 pars
374 2181 515 2237 matura
532 2167 665 2237 militiae
687 2181 800 2254 esset,
819 2179 855 2236 et
876 2161 1015 2234 levibus
1031 2161 1137 2248 bellis
1151 2160 1259 2232 Thra·

104 2299 107 2309 ·
188 2297 273 2344 cum
292 2275 514 2362 accolarum,
531 2301 613 2372 quae
631 2290 840 2347 exercerent
855 2275 985 2370 magis,
1014 2297 1123 2368 quam
1139 2270 1257 2369 fatiga-

187 2400 290 2472 rent,
310 2383 379 2456 sub
404 2385 543 2457 assidua
562 2400 683 2458 tamen
702 2387 829 2457 militia
844 2381 978 2471 suerat,
1007 2398 1043 2454 et
1061 2381 1124 2452 diu
1140 2382 1256 2454 medi-

188 2509 303 2566 tatum
330 2495 497 2594 Philippo
524 2498 663 2594 primo,
689 2494 819 2567 deinde
847 2509 883 2566 et
906 2494 1004 2566 Persi
1016 2503 1044 2580 ²,
1065 2517 1257 2564 romanum

187 2602 344 2693 bellurn,
363 2608 485 2676 omnia
500 2620 542 2676 ut
559 2607 734 2677 instructa
752 2620 947 2703 parataque
966 2618 1105 2689 essent,
1124 2601 1254 2674 essece-

186 2729 252 2785 rat.
271 2719 371 2787 Mota
385 2740 582 2815 parumper
599 2719 691 2792 acies
707 2715 804 2812 (non
815 2715 914 2810 justo
929 2713 1084 2785 decursu
1099 2713 1255 2810 tamen),

225 2944 249 2992 5.
261 2945 397 2992 Secundum
417 2961 472 2992 eum
491 2946 623 2994 exercitum
643 2946 701 2994 vide
745 2961 769 2994 n.
788 2961 810 2994 1.
825 2947 1005 2992 —Ilomanum
1017 2943 1116 3000 bellum,
1133 2959 1189 2991 curn
1203 2945 1255 2992 llo-

186 3023 257 3084 adl,
270 3031 337 3082 t,n.
354 3039 364 3071 1
376 3024 398 3090 )‚
412 3041 484 3089 quem
496 3027 530 3074 Μ.
541 3026 697 3082 Alexander,
745 3023 823 3071 manis
840 3023 982 3086 gerendum.
994 3049 1027 3058 -
1037 3025 1108 3086 Mota
1123 3037 1256 3086 parumper

187 3112 234 3151 ete.
259 3104 329 3164 cujus
349 3114 428 3152 tamen
446 3105 579 3153 exercitum
598 3119 700 3154 numero
744 3103 823 3159 acies,
835 3113 884 3180 pte.
904 3101 970 3149 hunc
986 3102 1068 3150 locum
1087 3102 1204 3165 Doering.
1222 3103 1256 3151 ite

184 3181 264 3232 fuisse
281 3183 412 3244 minorem,
432 3185 509 3232 XXX
524 3195 566 3232 ant
585 3185 701 3230 XXXIV
721 3181 869 3246 „explicntt
893 3183 992 3228 Perseus
1012 3181 1100 3229 milites
1128 3182 1156 3228 in
1179 3181 1255 3229 aciem

184 3261 289 3310 rnilitum
310 3261 435 3327 pediturn,
453 3266 493 3310 IV
505 3274 547 3311 aut
562 3265 586 3308 V
592 3261 695 3309 millium
743 3260 863 3318 educi,et
874 3261 950 3308 aciem
963 3260 1085 3325 paulisper
1096 3262 1190 3308 moveri
1201 3263 1254 3322 jus-

185 3343 309 3404 equstum,
322 3341 392 3390 docet
410 3341 485 3390 Drak.
500 3343 570 3392 conf.
581 3343 634 3400 IX,
649 3334 695 3403 1¹93
739 3340 771 3388 sit
780 3340 888 3404 (nonita
897 3351 984 3398 tamen,
992 3350 1021 3387 nt
1029 3339 1083 3388 lieri
1093 3341 1169 3399 solet,
1178 3357 1254 3404 quum

184 3408 250 3468 elur.
259 3421 329 3468 Alex.
343 3436 401 3488 pag.
415 3423 482 3482 672;
495 3421 512 3470 J
513 3421 585 3470 nstin.
598 3419 649 3479 xl,
663 3419 694 3477 ὃς
739 3419 828 3468 milites
841 3420 867 3466 in
880 3419 1053 3468 exercitatione
1067 3421 1194 3485 campestri
1206 3420 1253 3470 huc

185 3498 293 3546 Freinsh.
313 3499 439 3564 Supplem,
457 3500 526 3549 Cart.
539 3501 578 3559 ΙΙ,
594 3499 695 3560 331210-
738 3499 804 3547 illuc¹
817 3499 964 3559 decurrunt,
980 3511 1005 3547 et
1025 3499 1056 3547 nd
1071 3515 1161 3565 pugnae
1176 3500 1253 3547 simn-

184 3575 338 3635 ducxvn,
353 3595 382 3640 17
393 3579 503 3638 3Arrian.
516 3580 537 3628 1.
736 3579 832 3626 ulacrum
848 3579 952 3628 invicem
973 3595 999 3626 se
1017 3579 1142 3642 petunt),
1158 3594 1189 3626 ne
1214 3573 1252 3634 nl·

218 3655 280 3716 Car,
298 3659 351 3704 LII.
370 3673 393 3704 r.
413 3657 501 3704 Sextus
522 3669 546 3704 et
564 3658 695 3705 ‘vicesimus
739 3655 774 3704 htl
793 3659 883 3720 egisse,
901 3658 944 3706 sed
965 3659 1060 3706 stetisse
1083 3657 1255 3714 tantummodo

182 3749 274 3792 armes,
288 3747 336 3784 etc.
346 3747 426 3785 recte:
441 3751 498 3783 nam
507 3737 534 3785 C.
545 3737 659 3786 Cornelio
670 3749 695 3784 et
739 3738 765 3783 ln
780 3737 852 3784 ermis
868 3738 1016 3786 viderentur.
1036 3739 1155 3787 Creternm
1171 3747 1254 3782 monet

183 3813 215 3874 Q.
228 3815 341 3863 Minucio
352 3831 415 3862 coss.
425 3829 475 3880 pax
483 3815 577 3879 petenti
585 3815 640 3864 data
647 3827 696 3876 est3
739 3816 803 3865 idem
820 3817 1004 3864 concinniorem
1025 3817 1145 3863 exituram
1163 3815 1252 3862 oratio·

181 3891 239 3938 vide
259 3893 290 3940 ad
305 3895 434 3953 xxxnt,
458 3909 502 3950 ra,
520 3895 567 3952 13,
584 3903 631 3952 at,
653 3897 695 3942 30.
729 3911 810 3953 ¹nem,
822 3897 842 3942 si
854 3896 973 3962 particula
988 3907 1099 3951 centnm,
1113 3894 1181 3958 quod
1195 3896 1252 3947 an

181 3971 258 4022 Conl.
271 3973 348 4020 Perlz.
364 3974 394 4022 ad
414 3974 439 4020 h.
457 3973 475 4022 l.
496 3984 520 4020 et
532 3973 653 4022 Dotlwell.
666 3975 696 4021 de
741 3985 793 4021 reto
803 3975 929 4038 placebat,
939 3985 994 4022 ante
1003 3989 1034 4021 ne
1044 3985 1251 4038 transponeretur,

181 4049 279 4114 Cyclis,
292 4053 331 4110 X,
343 4053 384 4107 34.
740 4065 768 4100 nt
779 4054 823 4101 sit:
842 4054 885 4102 sed
899 4065 997 4102 eatenus
1010 4055 1188 4102 tantmnaciem
1198 4069 1252 4100 mo-

217 4143 243 4178 a.
253 4129 347 4179 Deinde
356 4143 379 4179 et
390 4131 456 4180 Persi
462 4150 472 4189 ;
482 4130 538 4180 vide
548 4129 580 4178 sd
589 4147 641 4194 cap.
654 4132 696 4189 25,
740 4131 792 4182 veri
809 4134 894 4198 jussit,
912 4149 942 4189 ne
957 4133 1053 4184 desides
1070 4133 1095 4182 in
1114 4133 1190 4190 armis
1202 4143 1251 4191 ste7

552 4229 559 4266 l
