2972 4720
103 401 143 430 ²
244 431 346 474 υ.
430 461 434 478 ,
667 407 705 472 r.
738 407 876 472 Ltvu
1159 384 1281 488 tta.

177 569 181 580 .
242 551 279 598 se
301 526 435 614 ferens,
464 528 576 623 siqui
596 525 850 611 decernerent,
876 525 1176 611 intercessurum,
1195 525 1307 598 colle-

242 660 323 733 gam
341 636 523 722 deterruit.
544 640 684 723 Patres,
708 659 752 705 eo
770 635 882 731 tnagis
903 636 1049 731 utrique
1067 636 1200 733 pariter
1217 661 1305 708 con-

173 777 176 784 ·
242 747 362 818 sulum
375 745 523 834 infensi,
538 747 575 816 in
596 760 717 843 coepto
731 742 948 842 perstabant.
965 750 1109 840 Itaque,
1130 771 1245 841 quum
1261 747 1307 818 de

241 859 436 956 provinciis
466 871 643 954 ageretur,
672 871 709 927 et
734 856 967 942 Macedonia,
993 857 1068 950 jam
1097 857 1306 927 imminente

239 971 357 1040 Persei
377 967 495 1056 betto,
516 981 711 1067 peteretur,
732 967 879 1062 Ligures
901 965 1079 1036 ambobus
1097 965 1308 1038 consulibus

240 1079 493 1178 decernuntur.
519 1077 767 1148 Macedoniam
793 1075 1001 1148 decreturos
1026 1078 1179 1173 negant,
1204 1078 1241 1146 ni
1260 1075 1307 1147 de

238 1195 288 1260 Μ.
304 1189 457 1286 Popillio
471 1187 676 1260 referretur.
691 1185 959 1258 Postulantibus
973 1186 1123 1275 deinde,
1138 1201 1180 1257 ut
1192 1211 1307 1258 novos

240 1299 417 1369 exercitus
438 1297 613 1386 scribere,
631 1311 693 1368 aut
715 1297 1007 1396 supplementum
1025 1297 1207 1370 veteribus
1226 1297 1307 1369 lice-

238 1423 315 1495 ret,
340 1425 537 1507 utrumque
562 1424 728 1504 negatum
759 1422 823 1480 est.
851 1407 1069 1479 Praetoribus
1092 1394 1241 1505 quoque
1267 1409 1307 1478 iu
1392 1449 1395 1454 ·

239 1520 445 1617 Hispaniam
459 1520 751 1618 supplementum
765 1515 972 1617 petentibus
985 1533 1174 1615 negatum3
1191 1522 1240 1588 M.
1250 1523 1268 1588 J
1271 1541 1308 1587 u-

238 1629 302 1698 nio
322 1630 360 1699 in
374 1631 596 1718 citeriorem,
612 1635 671 1726 Sp.
688 1628 854 1700 Lucretio
872 1630 909 1697 in
923 1627 1141 1699 ulteriorem.
1162 1631 1202 1698 C.
1215 1629 1307 1699 Lici·

161 1725 166 1734 ’
239 1740 321 1810 nius
335 1745 484 1812 Crassus
500 1738 675 1812 urbanam
685 1738 991 1836 jurisdictionem,
1011 1742 1075 1808 Cn.
1091 1739 1243 1809 Sicinius
1255 1739 1308 1808 in-

238 1863 294 1918 ter
321 1851 531 1946 peregrinos
557 1866 633 1922 erat
657 1852 823 1939 sortitus,
846 1854 885 1920 C.
910 1850 1103 1920 Memmius
1130 1848 1307 1937 Siciliam,

238 1958 298 2050 Sp.
323 1955 471 2028 Cluvius
493 1958 703 2030 Sardiniam.
730 1959 928 2045 Consules,
952 1958 1000 2029 ob
1025 1983 1067 2029 ea
1086 1960 1190 2029 irati9
1213 1984 1308 2031 sena-

238 2067 303 2135 tui.
325 2069 459 2150 Latinis
482 2067 579 2140 feriis
596 2072 634 2138 in
655 2071 808 2167 primam
826 2091 1010 2165 quamque
1029 2068 1125 2139 diem
1145 2069 1307 2156 indictis,

239 2177 277 2244 in
301 2178 525 2273 provinciam
547 2177 708 2250 abituros
730 2201 806 2249 esse
827 2177 1106 2266 denuntiarunt,
1125 2204 1191 2250 nec
1207 2180 1308 2276 quid-

240 2309 349 2382 quam
369 2287 574 2385 reipublicae
597 2303 758 2375 acturos,
781 2301 1022 2386 praeterquam
1041 2289 1142 2386 quod
1164 2289 1207 2360 ad
1226 2313 1307 2388 pro-

238 2397 436 2467 vinciarum
457 2398 802 2469 administrationem
824 2399 1000 2470 attineret.

286 2511 348 2578 XI.
374 2509 550 2596 Attalum,
572 2510 666 2606 regis
688 2511 860 2581 Eumenis
883 2507 1049 2597 fratrem,
1072 2509 1227 2606 legatum
1253 2535 1307 2580 ve·

240 2618 335 2686 nisse
351 2622 521 2707 Romam,
535 2619 699 2690 Valerius
713 2622 855 2692 Antias¹
873 2619 928 2691 his
942 2619 1151 2691 consulibus
1165 2619 1307 2707 scribit,

239 2725 284 2797 ad
300 2725 494 2799 deferenda
514 2727 559 2799 de
579 2733 709 2800 Perseo
732 2731 881 2800 crimina
896 2728 1181 2824 indicandosque
1199 2750 1307 2826 appa-

238 2852 337 2908 ratus
354 2837 452 2910 belli.
474 2839 637 2910 Plurium
653 2839 817 2928 annales,
833 2853 869 2910 et
884 2837 1017 2937 quibus
1033 2836 1223 2908 credidisse
1235 2861 1307 2906 ma-

238 2947 298 3034 lis,
317 2950 435 3047 ipsum
449 2955 649 3020 Eumenem
664 2951 803 3021 venisse
815 2949 975 3020 tradunt.
992 2953 1173 3020 Eumenes
1187 2949 1306 3045 igitur,

274 3205 301 3250 9.
314 3187 426 3236 Consules
440 3189 471 3236 ob
482 3202 512 3239 ea
528 3189 602 3247 irati,
615 3189 667 3238 scil·
682 3191 750 3254 quod
795 3205 862 3247 rens,
879 3189 902 3236 si
920 3188 964 3252 qui
982 3189 1148 3244 decernerem,
1169 3186 1306 3234 intercessu·

238 3267 366 3329 provincia
373 3268 519 3316 Macedonia
528 3280 553 3316 et
563 3270 622 3316 novi
630 3269 750 3319 exercitus
794 3285 860 3326 rum,
872 3270 992 3334 collegam
1004 3266 1127 3314 deterruit.
1137 3266 1183 3310 En,

238 3356 399 3407 negarentuu
409 3347 487 3394 Periz.
502 3347 546 3409 qui
554 3346 628 3394 verba
637 3349 751 3394 emtori·
830 3349 895 3397 Cir.
905 3349 952 3395 11.
963 3361 986 3393 1.
993 3345 1144 3392 Attalum...
1158 3343 1254 3392 venisse
1262 3346 1307 3391 Ito·

239 3422 282 3470 bru
296 3439 392 3487 quoqne
398 3457 458 3472 .....
472 3424 614 3473 Sardiniam
626 3425 751 3485 interjecta
795 3424 995 3485 mamyaleriur
1003 3421 1092 3470 Antias
1100 3421 1194 3479 scribit,
1205 3423 1307 3473 fortasse

238 3502 388 3565 putnt‚quis
399 3502 544 3566 praetoribus
558 3503 624 3551 idem
637 3514 751 3567 negatum
795 3505 881 3554 Antias
902 3519 958 3551 cum
978 3502 1024 3550 bac
1045 3501 1168 3565 legatione
1191 3503 1306 3552 Eumenis

239 3580 295 3630 luit.
315 3579 439 3642 Quoniam
452 3581 505 3630 baec
519 3582 592 3630 verba
610 3597 662 3632 nou
673 3583 751 3633 causis
795 3582 908 3631 confindit
916 3582 982 3629 illam
991 3579 1068 3628 Attali
1078 3591 1103 3628 et
1113 3581 1237 3629 minorum
1246 3594 1306 3632 netu

238 3649 329 3707 irarum
348 3660 430 3708 statim
448 3659 626 3720 subjiciuntur,
640 3663 751 3710 Gronov.
794 3663 908 3720 fratrum,
923 3672 1080 3709 memoratam
1090 3677 1104 3708 a
1114 3661 1203 3726 Polyb.
1216 3661 1234 3710 L
1250 3661 1267 3712 l.
1281 3674 1305 3710 et
1323 3657 1327 3668 ⁸

240 3742 305 3801 conj.
324 3741 433 3789 consules
451 3740 581 3789 obirati...
604 3743 701 3790 senatui
716 3769 751 3780 -
794 3741 915 3800 Diodoro,
923 3743 1005 3805 Legat.
1016 3742 1086 3800 xIV,
1095 3749 1115 3789 t.
1123 3744 1157 3802 11,
1168 3759 1194 3805 p.
1204 3741 1254 3790 622
1268 3758 1304 3804 sq.

239 3821 277 3868 De
289 3837 350 3868 voce
359 3821 450 3870 obirati
458 3819 749 3870 aucmentatum
795 3822 835 3871 ed.
848 3819 951 3868 Weesel.
964 3837 1036 3884 quam
1050 3821 1147 3870 silentio
1160 3821 1304 3886 praeteriisse

239 3901 347 3948 -Mox
355 3900 527 3948 abiturosesse
539 3899 596 3948 edd.
609 3912 664 3948 aute
677 3901 749 3948 Frob.
793 3901 887 3950 Livium
907 3901 995 3948 mirum
1014 3909 1067 3960 est,
1079 3901 1127 3948 nisi
1142 3901 1205 3948 forte
1221 3881 1305 3947 retulit

238 3979 282 4042 qui
301 3994 323 4026 u.
347 3979 413 4026 1535
436 3979 503 4026 dedit
524 3979 632 4027 abituros
652 3996 685 4029 se.
702 3979 750 4028 Sed
793 3979 1055 4028 esminexordiolibri
1064 3978 1303 4043 1L1,quodinjuria

239 4071 377 4121 pronomen
400 4057 449 4104 hoc
470 4073 534 4120 saepe
558 4057 655 4117 omitti,
678 4058 750 4106 docet
793 4071 929 4125 temporum
949 4060 1088 4119 intercidit;
1111 4057 1247 4122 Schweigh.
1271 4057 1303 4105 ad

237 4135 363 4186 Drakeub.
382 4138 458 4198 Supra
476 4135 524 4182 hoc
542 4152 596 4199 cap.
607 4153 663 4199 pm
674 4135 749 4201 sefe-
793 4139 881 4204 Polyb.
890 4141 975 4198 XXV,
984 4139 1015 4199 6,
1024 4138 1040 4202 5
1050 4155 1074 4186 n.
