2970 4712
202 450 324 558 32:222]
425 471 570 538 ilcan
598 471 709 536 xcv.
736 471 842 558 cir.
870 473 971 540 xiv.
1156 477 1225 571 289

175 599 280 662 trium
303 585 449 686 regum³
477 586 575 659 bellis
595 590 759 687 deinceps
780 589 945 662 omnibus
957 595 1129 681 sunctum
1149 599 1226 690 offi-

173 708 241 770 ciis.
271 705 426 770 Victoria
450 724 536 769 uero
553 698 688 796 populi
709 706 848 768 romani
866 700 984 770 laetari
1002 727 1084 772 eum
1108 725 1225 802 regem

173 817 300 880 mirum
314 834 386 879 non
400 833 492 894 esse,
511 815 577 905 qui
586 825 715 878 sortem
729 812 1040 899 omnemfhrtunoe
1057 822 1228 912 regnique

171 927 230 991 sui
252 944 333 990 cum
355 919 460 990 rebus
478 924 636 988 romanis
653 924 905 989 immiscuisset.
932 925 1057 992 Grates
1077 925 1145 994 diis
1156 951 1227 1022 pro

164 1030 299 1128 populi
326 1037 470 1099 romani
494 1035 645 1099 uictoria
672 1029 775 1126 apud
801 1054 884 1099 suos
904 1047 1058 1127 penates
1085 1052 1228 1128 agerem

171 1143 298 1210 Itomae
307 1139 434 1236 filium
455 1164 525 1236 pro
556 1163 599 1208 eo
625 1154 799 1207 acturum.
831 1138 1059 1208 Gratulatum
1083 1166 1228 1238 quoque

171 1251 258 1317 satis
274 1272 340 1317 suo
358 1272 402 1317 ac
414 1251 528 1342 patris
543 1251 688 1316 nomine
704 1270 788 1316 esse.
817 1251 938 1342 Ipsum
959 1247 1157 1345 relinquere
1174 1277 1227 1320 re-

160 1381 299 1456 gnum,
318 1371 354 1425 et
367 1358 494 1446 Africa
510 1355 697 1438 excedere,
708 1371 955 1452 praeterquam
971 1358 1073 1453 quod
1083 1359 1137 1428 illi
1149 1365 1228 1430 inu-

172 1465 232 1534 tile
253 1481 357 1551 esset,
378 1490 451 1535 non
472 1489 546 1534 esse
566 1489 586 1533 e
607 1464 791 1562 republica
800 1465 933 1562 populi
948 1473 1106 1554 romani,
1126 1494 1228 1538 sena·

172 1587 248 1642 tum
266 1597 414 1642 censere.
436 1573 574 1643 Petenti
593 1571 786 1668 Masgabae‚
813 1588 852 1643 ut
873 1580 1002 1644 Hanno
1023 1579 1229 1649 Hamilcaris

171 1681 267 1752 filius
285 1681 416 1752 obses‘*
432 1682 471 1752 in
487 1682 606 1764 Iocum
623 1682 638 1710 *
657 1683 822 1778 exigeret.
842 1686 991 1753 Munera
1010 1709 1052 1754 ex
1074 1701 1229 1757 senatus-

172 1792 336 1862 consulto
368 1816 486 1861 emere
515 1790 640 1887 regulo
670 1805 826 1888 quaestor
856 1791 975 1885 jussus
1009 1817 1053 1862 ex
1083 1805 1256 1864 centum'

170 1901 297 1998 pondo
319 1902 474 1997 argenti,
496 1915 530 1970 et
553 1901 725 1995 prosequi
746 1923 828 1968 eum
854 1901 1043 1988 Puteolos,
1068 1926 1228 1973 omnem·

171 2035 243 2105 que
258 2025 460 2106 sumptum,
474 2007 595 2104 quoad
609 2009 646 2076 in
661 2007 760 2077 Italia
774 2024 882 2094 essct,
898 2008 1076 2104 praebere,
1090 2026 1125 2081 et
1140 2011 1229 2082 duas

171 2144 279 2189 naves
302 2118 525 2203 conducere,
551 2115 684 2213 quibus
708 2118 784 2212 ipse
808 2117 1028 2212 comitesque
1049 2117 1168 2215 regis⁵
1191 2123 1227 2190 in

170 2227 323 2299 Africam
337 2227 600 2298 deveherentur
615 2253 622 2295 ε
643 2241 685 2296 et¹
696 2224 888 2297 comitibus
903 2225 1092 2314 omnibus,
1108 2227 1229 2300 liberis

171 2339 374 2434 servisque,
397 2339 608 2408 vestimenta
633 2335 723 2406 data.
746 2333 850 2406 Haud
873 2336 920 2406 ita
945 2337 1061 2432 multo
1083 2353 1165 2434 post
1183 2338 1228 2410 de

170 2448 282 2518 altero
311 2447 501 2517 Masinissae
531 2444 607 2515 filio
639 2447 817 2542 Misagene
845 2445 953 2516 literae
980 2447 1092 2518 allatae
1121 2464 1228 2536 sunt,

170 2565 316 2629 missum
338 2583 420 2628 eum
440 2557 488 2627 ab
512 2561 550 2627 L.
579 2555 708 2626 Paullo
727 2573 814 2652 post
836 2555 1010 2626 devictum
1033 2563 1165 2650 Persea
1191 2566 1228 2628 in

170 2669 335 2757 Africam
363 2692 445 2737 cum
474 2667 650 2763 equitibus
676 2672 770 2748 suis,
795 2671 1040 2760 navigantem,
1069 2668 1228 2762 dispersa

171 2775 282 2846 classe
305 2782 342 2845 in
363 2775 576 2846 Hadriatico
601 2779 696 2842 mari
706 2826 717 2858 ,
739 2774 970 2844 Brundisium
995 2774 1106 2844 tribus
1128 2785 1229 2846 navi-

172 2885 237 2956 bus
253 2911 390 2982 regrum
404 2882 573 2953 delumm.
587 2883 641 2953 Ad
655 2906 738 2953 eum
755 2906 836 2952 cum
855 2883 979 2953 iisdem
997 2884 1227 2973 muneribus,

172 3019 251 3090 quae
269 2995 351 3065 data
369 2998 490 3062 Romae
506 2989 606 3061 fratri
627 2992 703 3084 ejus
719 3003 841 3076 erant,
860 2995 899 3059 L.
921 2991 1109 3060 Stertinius
1129 3017 1228 3087 quae.

172 3120 247 3175 stor
264 3103 490 3175 Brundisium
514 3102 664 3187 missus;
682 3100 872 3194 jussusque
900 3123 1047 3186 curare,
1074 3116 1114 3170 ut
1135 3102 1228 3172 aedes
1321 3183 1325 3194 Ι

172 3337 244 3368 mano
267 3339 366 3386 regnum
392 3333 516 3385 acceptum
537 3337 568 3368 ac
588 3321 677 3367 oirnste
722 3285 865 3379 (iujusdsm
875 3318 1229 3382 sliusobsidIsCarthaginien-

171 3415 222 3448 sua.
234 3402 321 3448 Postea
334 3401 406 3449 trium
417 3417 516 3466 regum,
529 3411 576 3448 ete.
721 3396 766 3457 sis,
778 3397 847 3456 cujus
862 3413 951 3445 nomen
968 3395 1077 3460 interfit)
1090 3398 1192 3445 Rornam
1211 3417 1227 3446 a

208 3480 230 3524 3.
248 3481 336 3526 Postea
354 3480 427 3526 trium
444 3495 542 3543 regum,
555 3477 677 3543 Philippi,
722 3474 801 3521 Panis
815 3474 960 3532 mitteretur,
981 3474 1104 3539 respondit
1117 3489 1227 3535 senatus,

171 3555 288 3603 Antiochi
298 3569 322 3604 et
335 3557 468 3615 Persei,h.
481 3575 502 3606 e.
511 3574 568 3606 cum
578 3556 677 3615 iis‚bel·
721 3551 791 3599 laud
809 3567 904 3615 equum
927 3553 1022 3610 videri,
1044 3564 1071 3600 ut
1096 3539 1189 3601 obsides
1211 3573 1227 3602 a

173 3631 202 3680 lis
212 3632 323 3699 deinceps
333 3636 400 3699 (vide
412 3636 443 3684 sd
453 3638 479 3693 1,
493 3651 535 3694 ar,
546 3653 573 3683 n.
587 3637 614 3698 8)
626 3652 676 3681 om·
721 3631 801 3678 Panis
810 3631 911 3678 arbitrio
925 3631 1060 3679 Masinissa
1069 3629 1182 3694 em'geret.
1194 3660 1229 3669 —

172 3708 269 3772 nibuss
283 3727 306 3756 o.
316 3711 365 3759 vid.
375 3715 477 3770 xxm,
492 3729 523 3774 19
532 3731 540 3771 3
548 3714 676 3770 XXXVI,
724 3708 913 3772 Centrsmpondo
925 3709 1034 3773 argenti,
1043 3709 1068 3756 h.
1080 3725 1102 3755 e.
1116 3725 1148 3755 ex
1157 3711 1229 3759 Crcv.

174 3795 188 3842 4
198 3788 295 3848 ;xL11,
308 3803 350 3848 ²9·
365 3814 399 3824 -
408 3789 484 3851 Apud
492 3806 546 3836 suos
557 3800 658 3852 penates
667 3823 674 3844 ,
721 3788 807 3834 marcis
816 3786 964 3835 nostratibus
973 3787 1021 3833 156
1030 3821 1037 3843 ‚
1048 3787 1127 3834 unciis
1137 3803 1161 3833 s.
1170 3788 1228 3837 Vid.

173 3865 254 3920 domi;
265 3879 317 3911 non
326 3867 419 3913 Romae.
433 3892 467 3901 -
480 3869 539 3913 Esse
551 3883 564 3912 e
575 3883 624 3929 rep.
633 3883 678 3930 po·
721 3867 826 3914 Tabulas
839 3866 939 3913 Numer.
947 3866 1004 3914 Vni.
1011 3867 1070 3912 x11.
1081 3867 1126 3920 En.

170 3942 226 4007 puli
234 3941 331 3988 romani
339 3961 348 4000 ,·
363 3944 412 3990 vid.
426 3945 548 3998 mlv,
561 3946 606 4001 34,
616 3961 641 3991 n.
650 3946 675 3991 3.
758 3946 782 3992 5.
796 3947 851 4007 Ipse
861 3944 1005 4008 comitesque
1021 3943 1097 4007 regis,
1112 3945 1175 3992 forte
1193 3961 1230 3992 re-

210 4029 233 4076 t.
251 4023 340 4068 Hanno
364 4020 511 4068 Hasnilcnris
522 4021 594 4088 filius
612 4022 678 4068 obses
720 4022 772 4086 gii,
793 4032 834 4069 sut
856 4021 944 4086 reguli,
965 4033 1022 4078 aut,
1047 4021 1114 4083 quod
1135 4024 1231 4084 malim,

174 4115 220 4162 pro
229 4098 313 4163 hospes
322 4115 352 4146 ex
363 4098 456 4147 emend.
467 4100 552 4161 Sigon.
564 4100 606 4162 qui
616 4099 680 4146 lacu-
723 4100 790 4162 ἠως
804 4103 882 4148 Gron.
893 4101 931 4149 CI.
941 4116 1014 4164 supra
1024 4115 1050 4146 n.
1065 4115 1089 4148 1.
1104 4128 1138 4137 —
1154 4103 1231 4148 Vesti-

175 4193 229 4224 narn
241 4177 268 4225 h.
284 4177 303 4224 l.
319 4177 353 4224 ita
366 4177 464 4240 explet:
478 4177 544 4226 obses
561 4177 586 4224 in
600 4179 679 4225 lactem
724 4189 804 4225 menta
817 4179 894 4237 data,
909 4179 971 4227 forte
982 4179 1030 4241 leg.
1041 4177 1105 4226 dari.

272 4267 373 4333 VIII.
1046 4289 1088 4358 19
