2970 4712
255 387 324 475 314
470 435 473 442 ·
683 399 722 464 r.
757 399 894 467 mvn
1175 381 1297 485 §32:333

204 549 212 568 ι
251 543 268 578 ιι
282 513 340 586 bis
364 517 394 586 si
414 515 638 612 judicarent,
665 517 827 590 damuati
853 543 1022 592 essemus.
1052 527 1126 594 Vos
1144 512 1321 619 judicate,

252 619 403 698 «Patres
417 628 633 726 conscripti,
652 629 699 701 sit
718 628 869 702 Rhodus
886 631 923 701 in
945 631 1070 719 terris,
1094 656 1140 704 an
1159 619 1322 707 funditus

251 761 267 798 ι
281 733 455 806 deleatur.
477 739 561 808 Nou
577 739 674 809 enim
687 737 733 811 de
747 737 848 810 bello
862 739 1088 831 deliberatis,
1102 745 1226 817 Patres
1239 769 1311 816 con
1332 797 1343 816 .

251 847 426 949 «scripti3
445 845 547 944 quod
569 847 704 921 inferre
725 851 896 947 potestis,
918 872 1042 948 gerere
1060 875 1137 922 nou
1151 855 1321 949 potestis,

249 987 266 1022 ιι
281 982 395 1056 quum
416 983 525 1038 nemo
544 958 771 1033 Rhodiorum
795 985 893 1032 anua
915 959 1085 1033 adversus
1101 987 1167 1034 vos
1184 963 1320 1034 laturus

251 1099 268 1134 ι
280 1069 335 1140 sit.
353 1071 390 1140 si
403 1070 678 1169 perseverabitis
691 1073 730 1144 in
743 1073 814 1160 ira,
827 1087 973 1172 tempus
985 1097 1007 1143 a
1020 1072 1125 1144 vobis
1137 1089 1319 1173 petemus,

250 1209 267 1244 ιι
281 1203 355 1278 quo
374 1179 468 1253 hanc
485 1179 666 1255 funestam
689 1182 908 1280 legationem
926 1183 1077 1257 domum
1095 1185 1293 1280 referamus
1309 1213 1317 1255 ε

249 1318 267 1354 n
281 1293 405 1363 omnia
420 1292 535 1365 libera
548 1295 687 1392 capita,
706 1294 882 1391 quidquid
898 1293 1124 1367 Rhodiorum
1139 1296 1318 1384 vinem,

247 1433 264 1469 ιι
279 1401 497 1476 feminarum
528 1419 603 1494 est,
634 1429 719 1478 cum
747 1407 848 1476 omni
879 1407 1035 1504 pecunia
1061 1422 1186 1479 nostra
1211 1431 1319 1479 naves

247 1515 582 1606 «conscendemus,
598 1540 655 1606 ac,
674 1513 806 1590 relictis
823 1514 1018 1614 penatibus
1032 1514 1187 1614 publicis
1201 1517 1318 1614 priva·
1395 1555 1400 1572 ι

248 1654 265 1689 ιι
279 1627 415 1724 lisque,
429 1633 583 1699 Romam
594 1627 796 1715 veniemus3
812 1642 864 1715 et,
879 1629 979 1698 omui
993 1651 1083 1698 auro
1098 1643 1135 1701 et
1148 1642 1317 1726 argento,

246 1736 457 1835 «quidquid
477 1737 635 1836 publici,
657 1737 838 1836 quidquid
851 1739 987 1837 privati
1005 1753 1078 1827 est,
1095 1740 1315 1827 incomiti0,

244 1874 261 1912 ιι
275 1849 314 1918 in
328 1848 509 1920 vestibulo
521 1851 628 1921 curiae
642 1864 767 1922 vestrae
781 1904 790 1938 ,
810 1849 1010 1938 cumulato,
1026 1871 1181 1948 corpora
1193 1865 1316 1924 nostra

243 1959 544 2058 «conjugumque
558 1985 600 2032 ac
618 1949 818 2032 liberorum
827 1975 962 2066 'vestrm
980 1961 1152 2058 potestati
1167 1961 1316 2058 permit·

243 2099 260 2132 ιι
273 2082 414 2158 temus,
440 2071 506 2142 hic
524 2073 687 2168 passuri,
711 2069 972 2169 quodcumque
999 2069 1212 2168 patiendum
1236 2073 1312 2142 erit.

241 2212 257 2248 ιι
271 2185 402 2254 Procul
424 2183 470 2256 ab
489 2184 603 2256 oculis
628 2185 760 2256 nostris
783 2182 873 2255 urbs
894 2197 1018 2254 nostra
1040 2179 1241 2280 diripiatur,
1260 2182 1314 2252 in·

242 2325 258 2360 κ
271 2291 458 2386 οοηάαῑιιτῤ
489 2301 619 2369 Hostes
642 2294 813 2366 ‘Rhodios
841 2317 941 2381 esse,
973 2293 1127 2364 Romani
1152 2291 1314 2386 judicare

239 2435 257 2470 ιι
271 2421 448 2503 possunt:
474 2420 528 2487 est
554 2419 681 2493 tamen,
704 2419 742 2476 et
766 2419 933 2476 nostrum
957 2402 1107 2500 aliquod
1132 2401 1178 2474 de
1205 2400 1313 2474 uobis

239 2514 465 2611 «judicium,
484 2540 560 2613 quo
583 2540 770 2615 nunquam
790 2513 1059 2612 judicabimus⁷
1083 2537 1151 2585 nos
1173 2528 1312 2585 vestros

239 2653 256 2688 ι
270 2623 415 2698 hostes:
437 2623 727 2722 necquidquam
749 2624 903 2712 hostile,
925 2625 1034 2697 etiam
1057 2625 1086 2695 si
1109 2624 1231 2694 omnia
1252 2647 1311 2722 pa-

238 2765 254 2800 ιι
268 2735 418 2822 tiemur,
438 2733 622 2808 faciemus.
639 2765 655 2800 r

285 2851 395 2918 XXV.
415 2846 622 2942 Secundum
640 2845 749 2917 talem
764 2848 991 2918 orationem¹
1010 2847 1310 2936 universirursus

235 2957 497 3056 prociderunt,
508 2981 701 3055 ramosque
720 2956 817 3030 oleae·
828 2958 1010 3055 supplices
1028 2956 1220 3052 jactantes,
1237 2970 1311 3027 tan·

235 3069 317 3140 dem
332 3071 491 3156 excitati,
507 3070 607 3142 curia
621 3083 862 3140 excesserunt.
879 3074 981 3140 Tunc
996 3067 1184 3140 sententiae
1197 3068 1309 3138 inter-

233 3173 353 3277 rogari
368 3165 504 3278 coeptaess
524 3177 751 3252 Infestissimi
765 3171 915 3252 Rhodiis
930 3195 1049 3266 erant,
1064 3179 1128 3277 qui
1143 3177 1309 3252 consules

232 3305 448 3391 praetoresve
470 3306 532 3363 aut
549 3291 656 3389 legati
676 3305 859 3389 gesserant
877 3293 915 3360 in
929 3291 1146 3363 Macedonia
1156 3289 1306 3362 bellum.

229 3395 431 3472 Plurimum
459 3397 614 3474 causam
630 3405 757 3474 eorum
783 3400 921 3496 adjuvit
945 3405 995 3492 M,
1022 3402 1169 3472 Porcius
1195 3404 1308 3492 ¹Cato,

230 3511 314 3608 qui,
334 3512 439 3609 asper
457 3514 626 3610 ingenio,
644 3527 725 3584 tum
746 3512 866 3585 lenem
886 3515 1086 3609 mitemque
1102 3525 1306 3585 senatorem

229 3625 335 3721 egit².
350 3625 436 3710 Non
447 3619 599 3694 inferam
616 3622 849 3696 simulacrum
864 3623 930 3693 viri
944 3623 1101 3720 copiosi,
1115 3647 1196 3720 quae
1210 3621 1308 3694 dixe·

228 3803 271 3867 qui
282 3803 417 3853 voluntatis
434 3795 525 3853 nostrae
540 3804 618 3854 tacitae
632 3797 700 3855 uelut
713 3807 742 3855 li·
824 3805 886 3856 Car.
898 3805 980 3854 XXV.
994 3804 1309 3853 1.Secttndumtalemora-

226 3894 277 3931 tem
288 3884 421 3945 aestimant,
435 3895 482 3934 etc.
496 3886 569 3935 Cous.
582 3903 636 3952 cap.
651 3903 688 3952 pr.
789 3887 879 3934 tionem
889 3904 899 3942 ;
914 3885 971 3935 vide
988 3883 1020 3934 ad
1039 3887 1067 3942 1,
1083 3893 1113 3943 t,
1125 3901 1149 3932 n.
1174 3901 1196 3932 1.
1210 3911 1246 3921 ·-·
1257 3885 1306 3931 lla-

213 4005 220 4030 Χ
264 3980 287 4024 7.
302 3965 355 4026 Quo
375 3980 502 4030 nunquam
520 3965 688 4032 judicabimus
711 3983 743 4014 ex
789 3976 839 4013 mos
851 3965 912 4012 olere
924 3963 1041 4028 supplices
1049 3964 1265 4030 jactautcsrvide
1275 3963 1306 4010 ad

220 4042 324 4091 ,amane
338 4046 450 4094 Gronov.
461 4060 508 4108 pro
523 4045 589 4109 vulg.
603 4047 671 4110 quod
682 4062 742 4094 nun-
790 4047 828 4102 11,
841 4045 888 4101 54,
900 4061 925 4092 n.
938 4045 961 4092 6,

227 4138 302 4186 qream
319 4121 493 4188 judicavimus.
521 4124 590 4172 ldem'
615 4127 681 4187 conj.
701 4126 745 4190 qui
824 4141 849 4174 a.
863 4124 1085 4188 Lenemmitemque
1094 4135 1231 4172 senatorem
1242 4122 1306 4185 agiu

226 4219 352 4270 retorquam
363 4201 539 4267 judicabimus.
789 4204 843 4253 tide
866 4203 896 4253 ad
916 4204 980 4270 Epit.
1000 4205 1053 4252 Lir.
1071 4204 1167 4263 xtv1,
1187 4220 1212 4251 n.
1233 4219 1258 4249 2.
1270 4228 1306 4242 —·

511 4419 518 4452 l
