2972 4720
281 395 328 479 46
689 395 727 460 Τι
759 397 900 463 L1v11
1193 379 1314 480 artu:

279 520 480 586 Eumenem
503 519 540 583 in
563 537 608 582 eo
619 509 645 599 ⁵,
669 513 888 584 Antiochum
906 521 942 584 in
964 518 1086 608 Syrio,
1104 516 1340 590 Ptolemaeum

280 634 316 697 iu
337 625 568 696 Alexandria
584 647 660 694 sese
681 630 892 696 convenisse.
919 629 1051 697 Omnes
1068 626 1275 700 sollicitatos
1293 631 1342 700 le-

275 735 483 834 gationibus
497 739 637 820 Persei,
656 733 725 804 sed
736 741 875 831 egregie
888 736 1253 834 infidepemionere,
1259 741 1342 836 pol-

280 847 464 943 licitosque
481 849 621 930 emani,
642 865 728 941 quie
743 844 902 942 populus
923 869 1095 917 mmouus
1112 854 1343 945 imperasset,

269 972 519 1056 praestaturos.
538 955 591 1024 Εἰ
610 961 766 1026 civuotes
789 962 905 1026 socios
925 957 1068 1028 adesse:
1089 975 1236 1030 coeoeros
1252 966 1340 1030 sutis

266 1067 373 1164 fidas
382 1094 394 1153 ,·
403 1063 498 1136 solos
509 1061 669 1135 Rhodios
671 1067 895 1161 fluctuantes
908 1082 945 1136 et
955 1066 1110 1137 imbutos
1123 1073 1248 1140 Persei
1257 1095 1339 1140 con·

278 1175 365 1247 siliis
392 1179 574 1246 invenisse.
603 1179 785 1244 Venerunt
809 1174 942 1245 Rhodii
964 1175 1069 1273 legati
1090 1176 1134 1247 ad
1152 1180 1339 1275 purganda

278 1309 338 1374 ea,
363 1306 444 1382 quae
468 1283 574 1380 vulgo
596 1281 720 1376 jactari
743 1281 789 1354 de
807 1283 945 1354 civitate
962 1282 1147 1356 sciebant:
1172 1299 1338 1356 caeterum

278 1411 440 1477 senatum
458 1397 501 1466 iis
522 1389 635 1479 dari⁶,
658 1417 772 1489 quum
799 1395 883 1464 novi
906 1395 1071 1468 consules
1094 1396 1335 1491 magistratum

277 1509 446 1591 inissent,
464 1504 609 1604 placuit.

326 1621 470 1688 XXVII.
492 1614 580 1686 Belli
602 1630 812 1712 apparatum
833 1639 908 1686 nou
929 1613 1170 1688 disserendum
1188 1637 1337 1688 censue-

272 1743 371 1799 runt.
390 1730 427 1795 C.
444 1725 581 1796 Licinio
598 1725 740 1820 praetori
758 1728 943 1822 negotium
958 1725 1081 1811 datur,
1100 1742 1141 1796 ut
1154 1751 1196 1796 ex
1212 1727 1338 1796 veteri·

275 1837 346 1920 bus
362 1833 705 1931 quinqueremibus,
723 1836 760 1904 in
777 1836 962 1908 navalibus
975 1839 1119 1906 Romae¹
1136 1835 1336 1923 subductis,

276 1972 357 2045 quse
384 1958 530 2043 possent
554 1945 637 2012 usui
661 1968 757 2032 esse,
782 1943 969 2031 reficeret,
996 1961 1208 2043 pararetque
1229 1969 1336 2016 naves

277 2054 549 2153 quinquaginta.
573 2053 716 2148 siquid
740 2053 785 2123 ad
807 2077 890 2123 eum
907 2079 1099 2126 numerum
1117 2054 1336 2152 expleudum

275 2167 430 2250 deesset,
452 2168 489 2233 C.
505 2165 676 2234 Memmio
697 2163 842 2260 collegae
859 2165 896 2250 jn
915 2165 1066 2236 Siciliam
1084 2153 1276 2253 scriberet,
1295 2179 1336 2234 ut

276 2302 353 2364 eas,
371 2301 451 2372 quae
466 2275 504 2344 in
521 2273 637 2345 Sicilia
655 2287 762 2344 naves
778 2289 911 2363 essent,
928 2273 1090 2346 reficeret
1105 2287 1213 2373 atque
1228 2293 1334 2372 expe-

275 2388 388 2472 diret,
417 2400 458 2454 ut
482 2382 709 2452 Brundisium
739 2385 858 2480 primo
884 2410 1032 2482 quoque
1056 2401 1219 2484 tempore
1245 2387 1336 2456 mitti

274 2509 430 2593 possent.
452 2493 575 2563 Socios
593 2492 734 2563 navales
750 2492 909 2565 libertini
925 2495 1084 2569 ordinis²
1104 2498 1141 2566 in
1160 2497 1283 2594 viginti
1301 2510 1337 2567 et

274 2607 438 2702 quinque
456 2625 563 2673 naves
581 2626 625 2671 ex
642 2601 780 2673 civibus
797 2607 953 2675 romanis
973 2609 1011 2676 C.
1027 2607 1185 2676 Licinius
1205 2621 1337 2704 praetor

273 2713 429 2786 scribere
440 2714 576 2809 jussus:
591 2713 629 2780 in
645 2711 806 2809 quinque
821 2728 857 2784 et
868 2714 993 2811 viginti
1007 2739 1129 2813 parem
1142 2739 1335 2786 numerum

272 2833 338 2898 Cu.
359 2825 512 2896 Sicinius
540 2822 644 2892 sociis
667 2824 881 2920 imperaretz
901 2823 998 2896 idem
1019 2842 1150 2922 praetor
1173 2825 1335 2923 peditum

274 2949 357 3007 octo
375 2932 501 3020 millia,
524 2925 803 3030 quadribgentos
824 2935 962 3030 equites
984 2960 1004 3004 a
1024 2937 1128 3006 sociis
1147 2936 1246 3006 latini
1268 2960 1336 3006 no·

273 3045 379 3118 minis
398 3045 564 3140 exigeret.
585 3047 690 3112 Hunc
704 3043 855 3114 militem
872 3045 936 3141 qui
950 3045 1127 3116 Brundisii
1142 3049 1336 3142 acciperet,

274 3173 381 3252 atque
403 3156 441 3224 iu
464 3150 710 3249 Macedoniam
733 3154 908 3239 mitteret,
930 3158 969 3225 Α.
993 3155 1118 3225 Atilius
1140 3160 1334 3245 Serranus,

274 3267 337 3361 qui
350 3263 471 3359 priore
485 3285 580 3330 auno
597 3277 729 3358 praetor
743 3261 881 3351 fuerat,
897 3263 1081 3359 deligitur:
1099 3266 1164 3332 Cn.
1183 3265 1335 3339 Sicinius

275 3387 416 3472 prator,
436 3372 498 3466 qui
517 3373 713 3442 exercitum
733 3370 919 3470 paratum³
941 3371 986 3441 ad
1006 3371 1254 3466 trajiciendum
1269 3376 1335 3456 ha-

311 3578 335 3624 5.
348 3548 480 3622 ⁸It'umenem
500 3574 525 3619 in
548 3589 594 3630 eu,
614 3576 689 3626 scilic.
711 3579 782 3642 Asia,
862 3579 922 3626 Car.
933 3581 1040 3628 xxvn.
1054 3596 1076 3627 1.
1089 3581 1210 3630 Veteribus
1221 3583 1334 3647 quinque

274 3655 390 3722 Pergami.
411 3681 444 3690 —
462 3655 493 3698 In
513 3653 684 3712 Alexandria,
704 3657 782 3704 scribe
826 3657 946 3714 remibus,
961 3658 986 3704 iu
1004 3659 1129 3709 navalibus
1145 3663 1228 3708 Ilomoe
1244 3663 1334 3711 subdu·

274 3733 435 3787 Alexandriae
442 3749 452 3789 ;
463 3733 541 3779 Gron.
553 3733 625 3780 Conl.
636 3736 781 3790 xxxviii,
826 3734 885 3790 otiu
900 3734 956 3783 ride
971 3736 1002 3784 ad
1014 3737 1067 3797 111,
1082 3741 1208 3798 26,·n.‘6‚
1225 3743 1334 3801 etVHI,

276 3821 359 3878 39,n.
377 3821 401 3868 t.
414 3813 477 3858 Mox
488 3811 552 3859 forte
563 3811 609 3874 leg.
623 3811 731 3859 civitates
743 3827 781 3858 so·
827 3813 910 3870 26‚n.
924 3831 946 3863 1.
1278 3821 1279 3824 ’

274 3897 324 3942 cias
336 3891 417 3940 adisse
427 3907 452 3937 se
463 3890 503 3938 vel
516 3908 574 3940 sese.
591 3893 639 3938 Sed
649 3893 698 3940 hoc
709 3908 781 3955 pron.
861 3908 886 3940 2.
901 3895 982 3943 Socios
1002 3899 1101 3946 navales
1125 3897 1169 3946 lib.
1191 3899 1244 3947 ord.
1265 3902 1332 3948 conl.

262 3975 346 4021 ‘etiam
356 3987 386 4018 ex
394 3986 482 4033 praece.
493 3972 602 4037 suppleri
612 3981 699 4035 potest.
826 3972 857 4020 ud
866 3974 926 4030 xl..
938 3976 967 4023 18
976 4009 984 4034 ‚
994 3988 1017 4024 et
1029 3977 1060 4025 ad
1071 3977 1121 4036 IX,
1136 3979 1183 4034 38,
1196 3995 1222 4025 u.
1241 3995 1261 4027 r.

310 4052 335 4098 6.
347 4052 461 4096 &nanim
473 4049 502 4098 iis
515 4050 588 4106 dari5
601 4049 657 4097 vide
669 4067 740 4113 supra
751 4051 781 4097 ad
862 4055 885 4099 3.
899 4054 946 4114 Qui
962 4056 1095 4104 exercitum
1104 4069 1237 4119 paratum,
1255 4059 1333 4106 scribe

273 4131 349 4188 vm,
366 4128 389 4188 5,
400 4143 424 4174 n·
439 4143 461 4173 1·
826 4149 873 4197 quo
884 4149 929 4197 pro
939 4134 996 4198 qui,
1004 4136 1081 4184 Gron.
1093 4135 1142 4184 Sed
1154 4136 1210 4200 qui,
1222 4151 1290 4199 reque
1303 4151 1332 4184 ae
