2984 4706
266 385 336 458 236
690 391 728 457 r.
763 394 903 460 Lrvrr
1180 373 1304 483 33233333

264 524 371 600 sent,
385 507 579 578 missilibus
598 512 703 580 etiam
731 511 858 582 melius
882 527 917 582 et
942 513 1094 582 certiore
1116 513 1190 584 ictu
1208 513 1333 584 hostes

262 620 317 688 uti
335 617 506 690 audierat.
525 619 603 690 Alio
621 620 807 717 spectabat
824 647 926 693 mens
942 637 1017 692 tota
1034 621 1152 708 ducis,
1169 623 1333 694 dimisso-

262 754 335 826 que
350 728 499 800 consilio
516 729 723 801 Perrhaebos
738 748 974 821 mercatores,
991 731 1188 803 Schoenum
1204 748 1242 804 et
1257 737 1333 804 Me-

261 839 452 937 nophilum
462 839 489 929 ⁵,
509 856 603 912 notae
620 857 656 912 et
670 840 755 912 fidei
770 845 847 938 jam
863 842 931 914 sibi
948 858 983 913 et
1000 842 1200 940 prudentia
1214 842 1333 914 homi-

262 974 346 1036 nes,
373 953 559 1023 arcessitos
585 967 724 1022 secreto
750 968 1019 1050 percunctatur,
1039 952 1163 1049 quales
1184 954 1229 1024 ad
1247 957 1333 1025 Per-

261 1059 433 1131 rhaebiam
459 1065 629 1133 transitus
656 1063 736 1133 sint.
758 1055 879 1152 Quum
897 1063 977 1133 loca
1001 1087 1076 1132 non
1102 1063 1227 1159 iniqua
1253 1089 1332 1136 esse

260 1172 438 1258 dicerent,
458 1172 629 1271 praesidiis
646 1187 766 1244 autem
789 1175 883 1270 regis
901 1171 1079 1260 obsideri,
1094 1195 1195 1269 spem
1215 1175 1331 1271 cepit,

260 1285 289 1354 si
307 1299 415 1355 nocte
431 1285 626 1382 improviso
641 1284 759 1355 valida
776 1307 884 1354 manu
906 1307 1093 1381 aggressus
1111 1284 1332 1382 necopinan-

260 1409 314 1466 tes
330 1410 440 1480 esset,
466 1395 569 1490 dejici
589 1395 750 1492 praesidia
766 1419 884 1493 posse.
906 1393 1037 1466 Jacala
1055 1399 1151 1464 enain
1173 1411 1210 1465 et
1223 1400 1332 1490 sagit-

260 1523 316 1575 tas
337 1522 374 1576 et
390 1522 518 1578 caetera
541 1505 690 1576 missilia
709 1504 938 1591 intenebris,
962 1505 1043 1590 abi,
1067 1505 1161 1601 quid
1165 1519 1330 1602 petatur,

255 1616 388 1714 procul
396 1619 580 1714 provideri
596 1632 774 1714 nequeat,
796 1615 938 1687 inutilia
953 1641 1038 1686 esse.
1067 1615 1202 1687 Gladio
1223 1623 1332 1686 comi·

260 1751 328 1796 nas
341 1732 423 1823 geri
438 1753 514 1796 rem
534 1733 571 1796 in
587 1734 773 1825 permeata
793 1727 916 1811 turba,
941 1751 1014 1824 qao
1037 1726 1138 1797 miles
1156 1751 1331 1797 romanus

259 1842 392 1905 vincat.
416 1837 477 1906 His
500 1836 660 1924 ducibus¹
674 1860 827 1921 usurus,
849 1851 1040 1934 praetorem
1061 1837 1251 1908 Octavium
1273 1861 1329 1908 ar-

260 1945 451 2032 cessitum,
482 1949 669 2044 exposito,
701 1945 791 2044 quid
819 1961 986 2045 pararet,
1007 1947 1220 2017 Heracleum
1246 1971 1329 2018 cum

259 2054 370 2126 classe
392 2071 515 2153 petere
533 2056 660 2151 jubet,
685 2072 721 2128 et
746 2058 843 2128 mille
871 2057 1081 2128 hominibus
1105 2056 1233 2128 decem
1253 2057 1328 2127 die·

262 2189 343 2246 rum
356 2181 456 2236 cocta
471 2165 603 2238 cibaria
616 2167 760 2240 habero.
778 2173 859 2266 Ipse
874 2174 910 2239 P.
926 2168 1131 2266 Scipionem
1145 2169 1327 2252 Nasicam,

260 2277 303 2363 Q.
327 2272 478 2346 Fabium
500 2281 696 2348 Maximum
716 2276 831 2349 lilium
853 2303 959 2350 suum
979 2303 1062 2350 cum
1083 2279 1247 2375 quinque
1265 2277 1328 2348 dc·

258 2384 359 2456 lectis
378 2385 561 2457 millibus6
584 2389 794 2460 Heracleum
812 2391 940 2475 mittit,
960 2389 1058 2459 velut
1074 2389 1224 2481 classem
1241 2412 1325 2458 con·

261 2518 451 2566 scansuros
470 2497 515 2569 ad
538 2501 751 2570 maritimam
771 2523 869 2570 oram
892 2500 1072 2571 interioris
1092 2485 1326 2585 Macedoniae,

261 2605 361 2700 quod
389 2607 426 2676 in
456 2608 605 2680 consilio
630 2611 802 2706 agitatum
826 2625 921 2696 erat,
943 2609 1158 2680 vastandam.
1184 2613 1325 2679 Secreto

260 2716 473 2802 iudicatum,
487 2718 626 2791 'cibaria
640 2719 695 2790 his
709 2731 929 2818 praeparata⁷
947 2719 992 2789 ad
1007 2719 1154 2790 classem
1170 2743 1263 2804 esse,
1281 2743 1325 2788 ne

260 2827 349 2923 quid
368 2853 430 2902 eos
449 2847 662 2902 moraretur.
686 2830 776 2902 Inde
789 2831 876 2926 jussi
894 2830 1003 2900 duces
1018 2830 1154 2922 itineris
1175 2829 1224 2898 ita
1242 2828 1324 2898 divi-

260 2938 345 3009 dere
362 2942 475 3029 viam,
495 2956 536 3011 ut
554 2957 681 3038 quarta
705 2942 822 3038 vigilia
846 2943 954 3011 tertio
980 2939 1039 3011 die
1063 2939 1224 3038 Pythium
1246 2937 1324 3007 ado-

258 3051 323 3121 riri
336 3068 493 3148 possent.
514 3057 595 3150 Ipse
615 3068 761 3151 postero
783 3051 859 3142 die,
876 3066 916 3122 ut
936 3051 1122 3122 distineret
1142 3073 1262 3146 regem
1280 3047 1322 3120 ab

194 3254 197 3264 .
261 3163 522 3261 circumspectu
536 3189 657 3234 rerum
673 3165 839 3252 aliarum,
855 3165 971 3261 prima
986 3162 1066 3232 luce
1079 3159 1200 3232 medio
1218 3162 1255 3228 in
1275 3157 1322 3229 al·

297 3356 321 3403 5.
332 3355 459 3403 Scltoenum
472 3369 496 3404 et
507 3359 690 3424 ‚Menophilum
705 3361 768 3406 forte
812 3357 886 3406 stolio
900 3356 1021 3421 quodam,
1035 3370 1107 3420 quam
1118 3373 1131 3402 a
1143 3353 1263 3418 Polybio,
1278 3365 1321 3400 tra-

259 3435 366 3493 Camum,
376 3436 443 3500 quod
452 3438 574 3486 Macedon
582 3456 672 3488 nomeu
680 3449 768 3486 notum
815 3437 841 3485 di
855 3447 950 3485 monet.

259 3531 290 3561 ex
300 3515 399 3563 Justino
410 3525 435 3564 et
448 3516 548 3576 eurum
560 3519 637 3566 Gran.
655 3528 680 3564 et
694 3515 769 3566 Dralr.
851 3524 875 3568 7·
886 3505 985 3554 Cibaria
997 3506 1034 3553 tis
1041 3515 1203 3570 Froepssmlas
1218 3514 1267 3552 etc·
1282 3515 1321 3550 “⁸¹

258 3595 331 3643 Cous.
344 3593 376 3641 atl
389 3611 457 3658 seqq.
467 3594 531 3643 Plut.
542 3598 621 3644 AEmil.
633 3613 690 3662 pag,
703 3597 770 3656 262,
814 3602 886 3651 supra
900 3598 991 3650 praetor
1003 3597 1097 3634 tantum
1110 3585 1177 3632 mille
1187 3583 1321 3631 homiuibus

258 3674 324 3732 263,
347 3671 388 3720 ubi
411 3673 457 3720 alia
475 3674 557 3723 tradit.
577 3702 612 3712 -
637 3675 769 3738 Improviso
814 3666 1144 3730 eflpflrarelusssssesbuon
1155 3661 1321 3726 qulnqnemil·

257 3762 283 3791 u.
297 3762 329 3792 m.
347 3761 473 3809 aggressus
491 3761 534 3792 nec
551 3745 697 3811 opinantes‚·
713 3745 770 3792 vide
814 3745 893 3793 libus:
907 3743 974 3792 unde
988 3745 1062 3808 igitur
1077 3741 1164 3807 reliqui
1181 3739 1271 3789 cibaria
1283 3739 1320 3787 ha·

258 3823 289 3869 ad
299 3825 395 3879 leIV,
405 3839 447 3883 27,
460 3841 486 3872 n.
499 3825 523 3873 3.
814 3825 940 3872 buerunt?
951 3845 964 3866 s
973 3820 1197 3883 Drak.-Pythium
1208 3819 1320 3882 templum

292 3901 317 3950 6.
333 3901 391 3949 Cam
404 3903 510 3966 quiaque
526 3903 623 3950 delectis
644 3902 765 3957 millibus,
815 3903 938 3968 Apollinis
949 3903 1044 3968 Pythii,
1054 3912 1078 3949 et
1090 3899 1214 3948 castellum
1224 3899 1250 3948 in
1260 3915 1319 3945 sum·

260 3981 320 4026 furta
330 3979 475 4027 delectorum
482 4000 491 4038 ;
504 3981 600 4029 videasl
611 3983 663 4037 111,
673 3981 730 4040 5,n.
744 3983 768 4038 3,
813 4000 853 4030 mo
864 3983 967 4048 Olympi
981 3983 1041 4044 jugo
1055 3980 1161 4044 positum
1173 3993 1180 4035 ;
1197 3977 1247 4026 vid.
1261 3977 1319 4025 Plut.

259 4072 283 4106 ct
295 4061 356 4107 Plut.
367 4061 383 4107 l.
395 4062 411 4107 l.
424 4061 465 4108 ubi
479 4064 593 4123 majorem
605 4063 768 4109 subtiliorem·
814 4063 838 4108 in
852 4062 957 4109 AEmilio.
970 4063 1095 4108 Eis-ta
1107 4058 1318 4119 distitzeretregem

259 4157 306 4203 que
318 4155 442 4187 numerum
458 4141 488 4188 ab
502 4141 556 4203 ipso
574 4142 659 4189 Nasica
677 4143 703 4190 iu
715 4143 768 4206 cpi·
814 4141 845 4188 ab
863 4142 1047 4206 circumspectu,
1065 4149 1270 4204 1·rspectu,eura,
1288 4151 1319 4181 re-
