2982 4702
216 329 337 430 2:233:
434 347 584 414 Lissa
616 345 755 412 xnnr.
784 345 889 412 eae.
918 346 943 411 1.
1182 345 1263 446 123,

190 479 286 554 sus²‚
305 468 479 566 opulenta
504 465 577 536 duo
600 464 733 563 oppida
757 466 793 534 vi
811 481 919 562 atque
943 466 1050 538 arnus
1075 470 1193 563 coegit
1210 469 1248 537 in
1319 535 1322 547 ,

190 578 432 665 deditionem,
452 577 646 673 omniaque
664 576 706 645 iis
722 599 786 646 sua
804 579 1000 665 concessit,
1020 591 1061 648 ut
1076 579 1250 674 opinione

192 690 387 761 clementie
412 713 494 776 eos,
518 689 582 784 qui
606 691 827 758 Carnuntem
850 689 1025 758 munitam
1044 686 1174 758 urbem
1193 690 1251 758 in-

193 799 378 886 colebant,
404 798 572 870 alliceret.
602 801 795 894 Postquam
819 821 908 885 nec,
932 813 973 868 ut
998 796 1173 870 dederent
1191 823 1249 885 se,

192 907 427 1006 compellere,
442 932 562 1004 neque
578 931 705 1004 capere
719 905 921 979 obsidendo
936 922 1093 1005 poterat3
1108 933 1154 978 ne
1169 907 1253 980 dua·

193 1018 261 1090 bus
279 1017 611 1116 oppugnationibus
628 1017 875 1114 nequidquam
895 1015 1060 1115 fatigatus
1077 1019 1179 1090 miles
1199 1043 1253 1089 es·

194 1143 266 1215 set,
295 1153 384 1224 quas
409 1132 509 1226 prius
530 1131 680 1202 intactas
704 1127 812 1200 urbes
834 1127 1028 1224 reliquerat
1041 1126 1068 1218 ³,
1091 1128 1251 1227 diripuit.

193 1239 292 1310 Alter
309 1239 434 1310 consul
457 1242 494 1310 C.
516 1241 660 1311 Cassius
678 1263 744 1310 nec
764 1239 803 1309 in
825 1239 959 1324 Gallia,
979 1263 1088 1335 quam
1108 1241 1253 1312 sortitus

194 1351 305 1432 erati,
323 1347 556 1420 memorabile
574 1349 770 1445 quidquam
788 1350 913 1446 gessit,
933 1363 969 1419 et
988 1367 1053 1444 per
1071 1350 1252 1446 Illyricum

194 1459 325 1530 ducere
344 1459 503 1555 legiones
521 1460 558 1529 in
577 1458 824 1530 Macedoniam
842 1483 935 1530 vano
958 1461 1104 1556 incepto
1121 1473 1174 1529 est
1190 1483 1253 1529 co·

194 1583 310 1639 natus.
328 1573 532 1666 Ingressum
551 1568 620 1640 boc
638 1569 706 1639 iter
722 1569 907 1642 consulem
925 1585 1069 1640 senatus
1087 1595 1129 1640 ex
1144 1570 1255 1665 Aqui·

194 1678 380 1750 leiensium
405 1678 527 1776 legatis
549 1681 737 1776 cognovit3
757 1681 841 1776 qui,
862 1695 1056 1777 querentes
1076 1679 1254 1750 coloniam

194 1814 296 1860 suam
323 1813 454 1859 novam
481 1804 516 1860 et
543 1789 741 1877 infirmam,
767 1788 923 1860 necdum
950 1791 1033 1862 satis
1057 1791 1255 1871 munitam,

195 1901 288 1970 inter
306 1897 452 1972 infestas
474 1900 639 1970 nationes
663 1905 902 1970 Istrorumet
926 1900 1129 1996 Illyriorum
1156 1921 1254 1980 esse,

195 2033 309 2106 quum
328 2023 513 2106 peterent,
538 2023 578 2078 ut
602 2024 747 2079 senatus
767 2033 860 2081 curae
879 2008 1047 2096 haberet,
1066 2005 1254 2105 quomodo

196 2144 237 2190 ea
257 2119 399 2190 colonia
410 2119 626 2206 muniretur,
645 2119 871 2218 interrogati,
888 2119 1071 2190 vellentne
1086 2141 1163 2187 eam
1177 2140 1256 2186 rem

152 2243 157 2254 “
197 2234 236 2300 C.
257 2231 377 2300 Cassio
399 2229 538 2300 consuli
555 2229 740 2300 mandari?
763 2231 1051 2327 responderunt,
1071 2230 1255 2314 Cassium,

196 2341 395 2436 Aquileiam
411 2340 546 2410 indicto
563 2341 721 2410 exercitu
733 2336 759 2427 ⁵,
774 2338 977 2438 profectum
993 2365 1059 2438 per
1072 2340 1256 2435 Illyricum

195 2451 234 2520 in
256 2449 504 2521 Macedoniam
526 2475 613 2521 esse.
637 2456 688 2522 Ea
710 2477 768 2523 res
788 2453 906 2548 primo
926 2450 1146 2523 incredibilis
1166 2452 1257 2537 visa,

196 2574 233 2630 et
253 2584 320 2657 pro
339 2585 376 2632 se
397 2561 550 2658 quisque
571 2561 737 2650 credere,
762 2564 887 2634 Carnis
909 2562 1059 2634 forsitan
1080 2577 1142 2632 aut
1159 2563 1257 2633 Istris

197 2669 332 2740 bellum
346 2670 493 2740 illatum.
508 2675 600 2742 Turn
611 2672 873 2767 Aquileienses,
888 2672 977 2742 nihil
991 2698 1029 2744 se
1046 2673 1138 2742 ultra
1153 2673 1259 2754 scire,

198 2804 263 2850 noc
280 2779 413 2852 audere
430 2779 627 2869 affirmare,
647 2807 757 2878 quam
774 2784 919 2879 triginta
933 2779 1074 2854 dierum
1096 2780 1257 2852 frumen-

192 2985 313 3050 primum,
331 2985 418 3036 deinde
432 2985 527 3046 vicere,
549 2986 704 3052 suspicaben·
749 2989 832 3036 Caulo
849 2988 916 3036 lulla
936 2987 1067 3044 evenit,b.
1080 3003 1102 3034 e.
1115 2984 1214 3050 Liguria
1233 2995 1258 3032 et

197 3075 238 3111 tur
248 3066 326 3113 Grou,
335 3076 360 3112 et
369 3063 447 3113 Drak.
749 3066 843 3122 Gallia3
858 3069 923 3116 conf.
939 3069 1021 3122 XLII,
1035 3068 1082 3126 31,
1098 3066 1128 3112 32
1140 3077 1148 3123 ;
1161 3064 1257 3119 XLIII,

233 3157 257 3188 a.
282 3144 382 3206 Legatus
409 3141 434 3188 in
456 3143 581 3201 Illyricum
604 3143 705 3201 missus,
749 3159 774 3206 9.
790 3145 887 3208 Liguria
904 3147 1034 3209 aliquoties
1049 3146 1146 3208 utrique
1163 3140 1260 3190 consuli

198 3220 253 3268 vIde
266 3221 298 3268 ad
310 3222 395 3278 XLII,
405 3220 449 3280 67,
459 3237 486 3269 n.
501 3229 526 3276 4.
538 3248 573 3258 -
587 3222 706 3286 Opinione
749 3221 844 3271 decretu
859 3224 938 3272 fuerat
950 3224 1016 3288 (vido
1030 3223 1060 3270 acl
1075 3225 1135 3281 XL,
1150 3221 1195 3277 35,
1211 3229 1258 3280 443

199 3299 409 3356 clementioervide
421 3301 453 3348 ad
462 3301 539 3359 XLV,
552 3302 597 3362 38,
609 3317 634 3351 n.
645 3317 705 3349 1.-
750 3303 823 3361 XLI,
840 3319 880 3365 17,
901 3306 950 3363 183
970 3305 1050 3361 xm,
1066 3317 1089 3360 r,
1111 3318 1138 3364 9,
1158 3298 1213 3364 ro),
1233 3311 1257 3347 et

201 3377 345 3426 Carnuntem
357 3379 450 3444 Illyrici
462 3391 504 3428 ant
516 3381 649 3430 PannonIoe
659 3397 706 3446 op·
750 3383 818 3430 alteri
828 3397 925 3446 quoque
937 3383 1008 3431 slmul
1020 3382 1111 3439 Gallu,
1122 3380 1191 3444 quod
1204 3395 1261 3443 pro·

198 3456 252 3520 pid.
273 3457 304 3506 de
321 3459 389 3518 cujus
404 3459 454 3508 situ
468 3471 493 3508 ot
509 3460 638 3509 ruderibus
656 3463 706 3511 vid.
751 3461 831 3509 babile
845 3460 874 3509 fit
887 3476 918 3509 ex
932 3465 1003 3519 XLI,
1018 3462 1114 3523 17,18,
1126 3470 1200 3522 atque
1212 3475 1259 3515 eo,

199 3537 227 3582 Ρ.
234 3536 374 3585 lambecius
380 3539 507 3587 adcaleem
513 3541 558 3590 lib.
567 3541 705 3598 umam.
751 3539 818 3603 quod
830 3540 912 3589 Livius
922 3558 1039 3605 nunquam
1051 3542 1125 3588 refert
1134 3573 1141 3597 ‚
1150 3539 1261 3602 quiprae·

113 3648 115 3652 s
199 3611 230 3659 ‹le
240 3613 302 3662 Bibl.
313 3615 374 3663 Cas.
383 3633 409 3680 p.
421 3633 481 3680 997.
493 3645 529 3656 ·-
541 3621 633 3674 Conier
643 3635 706 3684 quoa
750 3631 814 3667 tores
827 3632 883 3684 post
895 3637 986 3668 annum
999 3620 1073 3669 Urbis
1088 3617 1194 3667 conditor
1209 3617 1258 3675 576

200 3693 340 3754 queCellur.
349 3697 438 3761 Googr.
448 3697 506 3744 Ant.
514 3700 552 3756 II,
565 3699 594 3756 8,
603 3717 629 3763 p.
641 3702 704 3750 350:
750 3698 805 3760 (lib.
815 3700 887 3761 XLI,
902 3700 941 3764 8),
956 3699 1071 3758 Galliam,
1088 3707 1193 3752 utente,
1210 3711 1260 3744 sor·

200 3780 312 3819 cnutum
319 3773 464 3822 Carnuntem
469 3775 529 3822 bod.
537 3781 706 3828 vocantSante
750 3777 789 3825 titi
799 3779 903 3837 fuer-lun
913 3779 978 3828 Dnlr.

200 3850 342 3900 Petronelle.
355 3855 400 3901 En.
661 3871 663 3877 ⁴
787 3859 810 3906 5.
821 3859 962 3922 Aquileiam
970 3857 1062 3905 indicto
1072 3853 1193 3910 exarcum
1208 3854 1259 3902 vid.

237 3929 260 3976 3.
273 3931 339 3992 Quas
352 3932 457 3981 intactas
477 3934 545 3980 urbes
562 3934 707 3998 reliquam,-
750 3939 794 3995 IV,
809 3938 857 3997 26,
878 3955 901 3985 n.
924 3939 1077 3992 4*th
1092 3935 1185 3983 dierum
1201 3932 1259 3998 sni-

200 4006 257 4054 vide
275 4009 307 4056 atl
323 4013 361 4069 11,
378 4028 513 4072 1u,n.11.
752 4028 856 4063 mentum
873 4033 904 4065 m.
921 4017 945 4064 d.
963 4016 1012 4064 vid.
1028 4015 1108 4065 Sobel.
1127 4015 1157 4062 ed
1169 4013 1256 4077 Polyb.

237 4093 261 4138 l·
272 4089 303 4144 In
324 4090 420 4148 Gallia,
434 4107 509 4155 quam
526 4091 622 4140 sortitus
637 4106 706 4152 erat,·
751 4111 805 4159 cap.
821 4111 843 4155 7.
