<?xml version="1.0" encoding="UTF-8"?>
<!DOCTYPE html PUBLIC "-//W3C//DTD XHTML 1.0 Transitional//EN"
    "http://www.w3.org/TR/xhtml1/DTD/xhtml1-transitional.dtd">
<html xmlns="http://www.w3.org/1999/xhtml" xml:lang="en" lang="en">
 <head>
  <title>
</title>
<meta http-equiv="Content-Type" content="text/html;charset=utf-8" />
  <meta name='ocr-system' content='tesseract 3.04.00' />
  <meta name='ocr-capabilities' content='ocr_page ocr_carea ocr_par ocr_line ocrx_word'/>
</head>
<body>
  <div class='ocr_page' id='page_1' title='image "./titusliviuspata02freigoog_0016.png"; bbox 0 0 2972 4720; ppageno 0'>
   <div class='ocr_carea' id='block_1_1' title="bbox 168 406 1275 2743">
    <p class='ocr_par' dir='ltr' id='par_1_1' title="bbox 168 406 1275 1417">
     <span class='ocr_line' id='line_1_1' title="bbox 243 406 1271 522; baseline 0.001 -29"><span class='ocrx_word' id='word_1_1' title='bbox 243 406 364 520; x_wconf 64' lang='lat'><em>3333333</em></span> <span class='ocrx_word' id='word_1_2' title='bbox 493 429 586 494; x_wconf 74' lang='lat' dir='ltr'><em>sla.</em></span> <span class='ocrx_word' id='word_1_3' title='bbox 614 429 732 495; x_wconf 75' lang='lat' dir='ltr'><em>xcii.</em></span> <span class='ocrx_word' id='word_1_4' title='bbox 761 429 867 495; x_wconf 71' lang='lat' dir='ltr'><em>car.</em></span> <span class='ocrx_word' id='word_1_5' title='bbox 895 429 995 494; x_wconf 89' lang='lat'><em>1.11.</em></span> <span class='ocrx_word' id='word_1_6' title='bbox 1252 452 1271 522; x_wconf 88' lang='lat'><strong>7</strong></span> 
     </span>
     <span class='ocr_line' id='line_1_2' title="bbox 215 547 1273 646; baseline 0.004 -30"><span class='ocrx_word' id='word_1_7' title='bbox 215 549 300 644; x_wconf 87' lang='lat' dir='ltr'><em>ipsis</em></span> <span class='ocrx_word' id='word_1_8' title='bbox 326 547 462 620; x_wconf 88' lang='lat' dir='ltr'><em>deverti</em></span> <span class='ocrx_word' id='word_1_9' title='bbox 486 572 566 620; x_wconf 91' lang='lat' dir='ltr'><em>mos</em></span> <span class='ocrx_word' id='word_1_10' title='bbox 592 563 695 620; x_wconf 89' lang='lat' dir='ltr'><em>esset.</em></span> <span class='ocrx_word' id='word_1_11' title='bbox 723 551 865 645; x_wconf 83' lang='lat' dir='ltr'>Legati,</span> <span class='ocrx_word' id='word_1_12' title='bbox 890 548 956 646; x_wconf 86' lang='lat' dir='ltr'><em>qui</em></span> <span class='ocrx_word' id='word_1_13' title='bbox 978 562 1127 645; x_wconf 81' lang='lat' dir='ltr'><em>repente</em></span> <span class='ocrx_word' id='word_1_14' title='bbox 1151 549 1273 645; x_wconf 87' lang='lat' dir='ltr'><em>aliquo</em></span> 
     </span>
     <span class='ocr_line' id='line_1_3' title="bbox 215 657 1274 756; baseline 0 -28"><span class='ocrx_word' id='word_1_15' title='bbox 215 658 459 744; x_wconf 72' lang='lat' dir='ltr'>mitterentur,</span> <span class='ocrx_word' id='word_1_16' title='bbox 482 658 623 755; x_wconf 85' lang='lat' dir='ltr'><em>singula</em></span> <span class='ocrx_word' id='word_1_17' title='bbox 643 659 806 753; x_wconf 86' lang='lat' dir='ltr'><em>jumenta</em></span> <span class='ocrx_word' id='word_1_18' title='bbox 830 680 896 755; x_wconf 86' lang='lat' dir='ltr'><em>per</em></span> <span class='ocrx_word' id='word_1_19' title='bbox 918 657 1054 756; x_wconf 83' lang='lat' dir='ltr'><em>oppida</em></span> <span class='ocrx_word' id='word_1_20' title='bbox 1066 669 1092 745; x_wconf 84' lang='lat'><em>⁷,</em></span> <span class='ocrx_word' id='word_1_21' title='bbox 1113 659 1182 729; x_wconf 90' lang='lat' dir='ltr'><em>iter</em></span> <span class='ocrx_word' id='word_1_22' title='bbox 1201 681 1274 754; x_wconf 85' lang='lat' dir='ltr'><em>qua</em></span> 
     </span>
     <span class='ocr_line' id='line_1_4' title="bbox 213 755 1275 867; baseline 0 -29"><span class='ocrx_word' id='word_1_23' title='bbox 213 767 422 838; x_wconf 86' lang='lat' dir='ltr'><em>faciundum</em></span> <span class='ocrx_word' id='word_1_24' title='bbox 447 755 542 854; x_wconf 74' lang='lat' dir='ltr'><em>erat,</em></span> <span class='ocrx_word' id='word_1_25' title='bbox 566 767 812 867; x_wconf 79' lang='lat' dir='ltr'><strong>imperabant:</strong></span> <span class='ocrx_word' id='word_1_26' title='bbox 839 768 942 838; x_wconf 87' lang='lat' dir='ltr'><em>aliam</em></span> <span class='ocrx_word' id='word_1_27' title='bbox 965 769 1163 866; x_wconf 82' lang='lat' dir='ltr'>impensam</span> <span class='ocrx_word' id='word_1_28' title='bbox 1187 769 1275 840; x_wconf 89' lang='lat' dir='ltr'><em>socii</em></span> 
     </span>
     <span class='ocr_line' id='line_1_5' title="bbox 168 877 1274 975; baseline 0.001 -29"><span class='ocrx_word' id='word_1_29' title='bbox 168 886 175 891; x_wconf 84' lang='grc'><em>“</em></span> <span class='ocrx_word' id='word_1_30' title='bbox 212 878 250 948; x_wconf 88' lang='lat' dir='ltr'><em>in</em></span> <span class='ocrx_word' id='word_1_31' title='bbox 266 880 491 975; x_wconf 78' lang='lat' dir='ltr'>magistratus</span> <span class='ocrx_word' id='word_1_32' title='bbox 509 903 678 950; x_wconf 79' lang='lat' dir='ltr'><em>romanos</em></span> <span class='ocrx_word' id='word_1_33' title='bbox 696 903 771 950; x_wconf 91' lang='lat' dir='ltr'><em>non</em></span> <span class='ocrx_word' id='word_1_34' title='bbox 790 877 977 950; x_wconf 75' lang='lat' dir='ltr'><strong>faciebant.</strong></span> <span class='ocrx_word' id='word_1_35' title='bbox 995 880 1131 975; x_wconf 87' lang='lat' dir='ltr'><em>Injuria</em></span> <span class='ocrx_word' id='word_1_36' title='bbox 1148 901 1274 956; x_wconf 85' lang='lat' dir='ltr'><em>consu·</em></span> 
     </span>
     <span class='ocr_line' id='line_1_6' title="bbox 212 987 1272 1086; baseline 0 -28"><span class='ocrx_word' id='word_1_37' title='bbox 212 988 272 1074; x_wconf 87' lang='lat' dir='ltr'><em>lis,</em></span> <span class='ocrx_word' id='word_1_38' title='bbox 285 989 424 1068; x_wconf 86' lang='lat' dir='ltr'><em>etiamsi</em></span> <span class='ocrx_word' id='word_1_39' title='bbox 434 990 546 1085; x_wconf 88' lang='lat' dir='ltr'><em>justa,</em></span> <span class='ocrx_word' id='word_1_40' title='bbox 561 1013 634 1060; x_wconf 90' lang='lat' dir='ltr'><em>non</em></span> <span class='ocrx_word' id='word_1_41' title='bbox 648 989 818 1060; x_wconf 79' lang='lat' dir='ltr'><em>tamenin</em></span> <span class='ocrx_word' id='word_1_42' title='bbox 829 990 1038 1086; x_wconf 86' lang='lat' dir='ltr'><em>magistratu</em></span> <span class='ocrx_word' id='word_1_43' title='bbox 1052 987 1272 1075; x_wconf 86' lang='lat' dir='ltr'><em>exercenda,</em></span> 
     </span>
     <span class='ocr_line' id='line_1_7' title="bbox 212 1098 1274 1184; baseline -0.003 -15"><span class='ocrx_word' id='word_1_44' title='bbox 212 1112 248 1169; x_wconf 88' lang='lat' dir='ltr'><em>et</em></span> <span class='ocrx_word' id='word_1_45' title='bbox 268 1100 449 1172; x_wconf 90' lang='lat' dir='ltr'><em>silentium</em></span> <span class='ocrx_word' id='word_1_46' title='bbox 470 1102 576 1170; x_wconf 88' lang='lat' dir='ltr'><em>nimis</em></span> <span class='ocrx_word' id='word_1_47' title='bbox 597 1114 659 1170; x_wconf 88' lang='lat' dir='ltr'><em>aut</em></span> <span class='ocrx_word' id='word_1_48' title='bbox 683 1099 906 1184; x_wconf 89' lang='lat' dir='ltr'><em>modestum,</em></span> <span class='ocrx_word' id='word_1_49' title='bbox 923 1114 986 1170; x_wconf 83' lang='lat' dir='ltr'><em>aut</em></span> <span class='ocrx_word' id='word_1_50' title='bbox 1002 1098 1169 1169; x_wconf 88' lang='lat' dir='ltr'><em>timidum</em></span> <span class='ocrx_word' id='word_1_51' title='bbox 1184 1101 1274 1167; x_wconf 80' lang='lat' dir='ltr'><em>Pra-</em></span> 
     </span>
     <span class='ocr_line' id='line_1_8' title="bbox 211 1205 1273 1308; baseline 0 -29"><span class='ocrx_word' id='word_1_52' title='bbox 211 1211 446 1299; x_wconf 89' lang='lat' dir='ltr'><em>nestinorum‚</em></span> <span class='ocrx_word' id='word_1_53' title='bbox 455 1214 531 1306; x_wconf 85' lang='lat' dir='ltr'><em>jus,</em></span> <span class='ocrx_word' id='word_1_54' title='bbox 539 1211 639 1283; x_wconf 82' lang='lat' dir='ltr'><em>velut</em></span> <span class='ocrx_word' id='word_1_55' title='bbox 651 1207 806 1308; x_wconf 88' lang='lat' dir='ltr'><em>probato</em></span> <span class='ocrx_word' id='word_1_56' title='bbox 820 1208 999 1306; x_wconf 86' lang='lat' dir='ltr'><em>exemplo,</em></span> <span class='ocrx_word' id='word_1_57' title='bbox 1008 1205 1273 1306; x_wconf 88' lang='lat' dir='ltr'><em>magistratibus</em></span> 
     </span>
     <span class='ocr_line' id='line_1_9' title="bbox 211 1317 1185 1417; baseline -0.001 -29"><span class='ocrx_word' id='word_1_58' title='bbox 211 1317 292 1390; x_wconf 87' lang='lat' dir='ltr'><em>fecit</em></span> <span class='ocrx_word' id='word_1_59' title='bbox 310 1321 514 1416; x_wconf 87' lang='lat' dir='ltr'><em>graviorum</em></span> <span class='ocrx_word' id='word_1_60' title='bbox 532 1321 573 1416; x_wconf 79' lang='lat' dir='ltr'><em>in</em></span> <span class='ocrx_word' id='word_1_61' title='bbox 590 1320 667 1392; x_wconf 90' lang='lat' dir='ltr'><em>dies</em></span> <span class='ocrx_word' id='word_1_62' title='bbox 683 1321 764 1392; x_wconf 88' lang='lat' dir='ltr'><em>talis</em></span> <span class='ocrx_word' id='word_1_63' title='bbox 782 1322 922 1417; x_wconf 82' lang='lat' dir='ltr'><em>generis</em></span> <span class='ocrx_word' id='word_1_64' title='bbox 938 1321 1185 1417; x_wconf 83' lang='lat' dir='ltr'><em>imperiorum.</em></span> 
     </span>
    </p>

    <p class='ocr_par' dir='ltr' id='par_1_2' title="bbox 198 1419 1273 2743">
     <span class='ocr_line' id='line_1_10' title="bbox 255 1419 1273 1527; baseline -0.001 -29"><span class='ocrx_word' id='word_1_65' title='bbox 255 1433 298 1499; x_wconf 95' lang='grc' dir='ltr'><em>ΙΙ.</em></span> <span class='ocrx_word' id='word_1_66' title='bbox 324 1431 503 1527; x_wconf 83' lang='lat' dir='ltr'><em>Principio</em></span> <span class='ocrx_word' id='word_1_67' title='bbox 526 1419 636 1524; x_wconf 86' lang='lat' dir='ltr'><em>hujus</em></span> <span class='ocrx_word' id='word_1_68' title='bbox 659 1433 745 1501; x_wconf 87' lang='lat' dir='ltr'><em>anni</em></span> <span class='ocrx_word' id='word_1_69' title='bbox 764 1431 890 1527; x_wconf 87' lang='lat' dir='ltr'><em>legati,</em></span> <span class='ocrx_word' id='word_1_70' title='bbox 913 1432 978 1526; x_wconf 89' lang='lat' dir='ltr'><em>qui</em></span> <span class='ocrx_word' id='word_1_71' title='bbox 1001 1432 1039 1502; x_wconf 89' lang='lat' dir='ltr'><em>in</em></span> <span class='ocrx_word' id='word_1_72' title='bbox 1054 1431 1215 1502; x_wconf 85' lang='lat' dir='ltr'><em>AEtoliam</em></span> <span class='ocrx_word' id='word_1_73' title='bbox 1234 1442 1273 1498; x_wconf 89' lang='lat' dir='ltr'><em>et</em></span> 
     </span>
     <span class='ocr_line' id='line_1_11' title="bbox 209 1539 1272 1628; baseline 0.003 -19"><span class='ocrx_word' id='word_1_74' title='bbox 209 1539 455 1610; x_wconf 87' lang='lat' dir='ltr'><em>Macedoniam</em></span> <span class='ocrx_word' id='word_1_75' title='bbox 473 1541 578 1611; x_wconf 85' lang='lat' dir='ltr'><em>missi</em></span> <span class='ocrx_word' id='word_1_76' title='bbox 604 1557 729 1628; x_wconf 85' lang='lat' dir='ltr'><em>erant,</em></span> <span class='ocrx_word' id='word_1_77' title='bbox 753 1543 1030 1625; x_wconf 84' lang='lat' dir='ltr'><em>renuntiarunt,</em></span> <span class='ocrx_word' id='word_1_78' title='bbox 1053 1541 1125 1611; x_wconf 84' lang='lat' dir='ltr'><em>sibi</em></span> <span class='ocrx_word' id='word_1_79' title='bbox 1149 1565 1272 1612; x_wconf 84' lang='lat' dir='ltr'><em>conae-</em></span> 
     </span>
     <span class='ocr_line' id='line_1_12' title="bbox 210 1650 1270 1747; baseline 0 -29"><span class='ocrx_word' id='word_1_80' title='bbox 210 1650 333 1720; x_wconf 84' lang='lat' dir='ltr'><em>aiendi</em></span> <span class='ocrx_word' id='word_1_81' title='bbox 343 1657 435 1745; x_wconf 87' lang='lat' dir='ltr'><em>regis</em></span> <span class='ocrx_word' id='word_1_82' title='bbox 448 1656 585 1738; x_wconf 88' lang='lat' dir='ltr'><em>Persei,</em></span> <span class='ocrx_word' id='word_1_83' title='bbox 600 1675 712 1747; x_wconf 85' lang='lat' dir='ltr'><em>quum</em></span> <span class='ocrx_word' id='word_1_84' title='bbox 724 1650 790 1720; x_wconf 89' lang='lat' dir='ltr'><em>alii</em></span> <span class='ocrx_word' id='word_1_85' title='bbox 802 1651 927 1720; x_wconf 87' lang='lat' dir='ltr'><em>obesse</em></span> <span class='ocrx_word' id='word_1_86' title='bbox 940 1675 1042 1736; x_wconf 89' lang='lat' dir='ltr'><em>eum,</em></span> <span class='ocrx_word' id='word_1_87' title='bbox 1055 1650 1123 1720; x_wconf 90' lang='lat' dir='ltr'><em>alii</em></span> <span class='ocrx_word' id='word_1_88' title='bbox 1134 1671 1270 1744; x_wconf 79' lang='lat' dir='ltr'><em>tagram</em></span> 
     </span>
     <span class='ocr_line' id='line_1_13' title="bbox 210 1759 1269 1858; baseline 0 -30"><span class='ocrx_word' id='word_1_89' title='bbox 210 1784 303 1845; x_wconf 85' lang='lat' dir='ltr'><em>esse,</em></span> <span class='ocrx_word' id='word_1_90' title='bbox 320 1761 426 1850; x_wconf 86' lang='lat' dir='ltr'><em>falso</em></span> <span class='ocrx_word' id='word_1_91' title='bbox 451 1762 867 1858; x_wconf 81' lang='lat' dir='ltr'><em>utrumque,fiagereut,</em></span> <span class='ocrx_word' id='word_1_92' title='bbox 881 1777 1098 1856; x_wconf 82' lang='lat' dir='ltr'><em>potestatem</em></span> <span class='ocrx_word' id='word_1_93' title='bbox 1120 1783 1193 1828; x_wconf 83' lang='lat' dir='ltr'><em>nou</em></span> <span class='ocrx_word' id='word_1_94' title='bbox 1201 1759 1269 1848; x_wconf 83' lang='lat' dir='ltr'><em>fa-</em></span> 
     </span>
     <span class='ocr_line' id='line_1_14' title="bbox 209 1871 1268 1970; baseline 0.001 -32"><span class='ocrx_word' id='word_1_95' title='bbox 209 1885 312 1940; x_wconf 85' lang='lat' dir='ltr'><strong><em>ctam.</em></strong></span> <span class='ocrx_word' id='word_1_96' title='bbox 338 1871 460 1940; x_wconf 85' lang='lat' dir='ltr'><em>Facile</em></span> <span class='ocrx_word' id='word_1_97' title='bbox 483 1887 604 1941; x_wconf 87' lang='lat' dir='ltr'><em>tomen</em></span> <span class='ocrx_word' id='word_1_98' title='bbox 628 1877 840 1970; x_wconf 81' lang='lat' dir='ltr'><em>apparuisse</em></span> <span class='ocrx_word' id='word_1_99' title='bbox 860 1871 950 1957; x_wconf 88' lang='lat' dir='ltr'><em>sibi,</em></span> <span class='ocrx_word' id='word_1_100' title='bbox 975 1871 1107 1942; x_wconf 86' lang='lat' dir='ltr'><em>bellum</em></span> <span class='ocrx_word' id='word_1_101' title='bbox 1117 1877 1268 1970; x_wconf 84' lang='lat' dir='ltr'><em>parari,</em></span> 
     </span>
     <span class='ocr_line' id='line_1_15' title="bbox 208 1980 1272 2052; baseline 0.002 -4"><span class='ocrx_word' id='word_1_102' title='bbox 208 2005 273 2050; x_wconf 87' lang='lat' dir='ltr'><em>uec</em></span> <span class='ocrx_word' id='word_1_103' title='bbox 293 1980 387 2051; x_wconf 85' lang='lat' dir='ltr'><em>ultra</em></span> <span class='ocrx_word' id='word_1_104' title='bbox 406 1982 459 2052; x_wconf 89' lang='lat' dir='ltr'><em>ad</em></span> <span class='ocrx_word' id='word_1_105' title='bbox 475 1993 579 2051; x_wconf 86' lang='lat' dir='ltr'><em>orma</em></span> <span class='ocrx_word' id='word_1_106' title='bbox 600 1987 652 2051; x_wconf 90' lang='lat' dir='ltr'><em>ire</em></span> <span class='ocrx_word' id='word_1_107' title='bbox 672 1980 879 2051; x_wconf 88' lang='lat' dir='ltr'><em>dilaturum.</em></span> <span class='ocrx_word' id='word_1_108' title='bbox 900 1987 991 2052; x_wconf 84' lang='lat' dir='ltr'><em>Item</em></span> <span class='ocrx_word' id='word_1_109' title='bbox 1014 1988 1051 2051; x_wconf 87' lang='lat' dir='ltr'><em>iu</em></span> <span class='ocrx_word' id='word_1_110' title='bbox 1067 1982 1204 2052; x_wconf 84' lang='lat' dir='ltr'><em>AEtolia</em></span> <span class='ocrx_word' id='word_1_111' title='bbox 1222 2006 1272 2051; x_wconf 85' lang='lat' dir='ltr'><em>se-</em></span> 
     </span>
     <span class='ocr_line' id='line_1_16' title="bbox 208 2090 1271 2188; baseline 0.002 -29"><span class='ocrx_word' id='word_1_112' title='bbox 208 2090 379 2160; x_wconf 80' lang='lat' dir='ltr'><em>ditionem</em></span> <span class='ocrx_word' id='word_1_113' title='bbox 391 2091 539 2186; x_wconf 77' lang='lat' dir='ltr'><em>gliscere</em></span> <span class='ocrx_word' id='word_1_114' title='bbox 556 2098 593 2161; x_wconf 84' lang='lat' dir='ltr'><em>in</em></span> <span class='ocrx_word' id='word_1_115' title='bbox 612 2092 687 2160; x_wconf 84' lang='lat' dir='ltr'><em>dies</em></span> <span class='ocrx_word' id='word_1_116' title='bbox 697 2146 706 2177; x_wconf 89' lang='lat'><em>,</em></span> <span class='ocrx_word' id='word_1_117' title='bbox 725 2117 842 2188; x_wconf 85' lang='lat' dir='ltr'><em>aeque</em></span> <span class='ocrx_word' id='word_1_118' title='bbox 860 2091 1122 2162; x_wconf 75' lang='lat' dir='ltr'><em>discordiarum</em></span> <span class='ocrx_word' id='word_1_119' title='bbox 1134 2096 1271 2188; x_wconf 75' lang='lat' dir='ltr'><em>priuci-</em></span> 
     </span>
     <span class='ocr_line' id='line_1_17' title="bbox 198 2201 1269 2304; baseline -0.002 -32"><span class='ocrx_word' id='word_1_120' title='bbox 198 2227 268 2300; x_wconf 83' lang='lat' dir='ltr'><em>pes</em></span> <span class='ocrx_word' id='word_1_121' title='bbox 297 2208 507 2273; x_wconf 87' lang='lat' dir='ltr'><em>auctoritate</em></span> <span class='ocrx_word' id='word_1_122' title='bbox 533 2228 600 2274; x_wconf 85' lang='lat' dir='ltr'><em>suu</em></span> <span class='ocrx_word' id='word_1_123' title='bbox 627 2207 782 2272; x_wconf 80' lang='lat' dir='ltr'><em>coerceri</em></span> <span class='ocrx_word' id='word_1_124' title='bbox 795 2208 969 2304; x_wconf 73' lang='lat' dir='ltr'><em>potuisse.</em></span> <span class='ocrx_word' id='word_1_125' title='bbox 992 2205 1115 2294; x_wconf 88' lang='lat' dir='ltr'><em>Quum</em></span> <span class='ocrx_word' id='word_1_126' title='bbox 1132 2201 1269 2274; x_wconf 89' lang='lat' dir='ltr'><em>bellum</em></span> 
     </span>
     <span class='ocr_line' id='line_1_18' title="bbox 207 2311 1268 2410; baseline -0.002 -26"><span class='ocrx_word' id='word_1_127' title='bbox 207 2312 479 2384; x_wconf 86' lang='lat' dir='ltr'><em>Macedonicum</em></span> <span class='ocrx_word' id='word_1_128' title='bbox 497 2313 535 2382; x_wconf 83' lang='lat' dir='ltr'><em>in</em></span> <span class='ocrx_word' id='word_1_129' title='bbox 559 2313 823 2410; x_wconf 84' lang='lat' dir='ltr'><em>exspectatione</em></span> <span class='ocrx_word' id='word_1_130' title='bbox 848 2327 957 2394; x_wconf 84' lang='lat' dir='ltr'><em>esset,</em></span> <span class='ocrx_word' id='word_1_131' title='bbox 982 2314 1081 2410; x_wconf 90' lang='lat' dir='ltr'><em>prius</em></span> <span class='ocrx_word' id='word_1_132' title='bbox 1105 2338 1213 2410; x_wconf 88' lang='lat' dir='ltr'><em>quam</em></span> <span class='ocrx_word' id='word_1_133' title='bbox 1231 2311 1268 2387; x_wconf 89' lang='lat' dir='ltr'><em>id</em></span> 
     </span>
     <span class='ocr_line' id='line_1_19' title="bbox 207 2421 1269 2521; baseline 0.005 -33"><span class='ocrx_word' id='word_1_134' title='bbox 207 2421 468 2516; x_wconf 84' lang='lat' dir='ltr'><em>susciperetur,</em></span> <span class='ocrx_word' id='word_1_135' title='bbox 495 2421 659 2518; x_wconf 85' lang='lat' dir='ltr'><em>prodigia</em></span> <span class='ocrx_word' id='word_1_136' title='bbox 683 2425 819 2521; x_wconf 84' lang='lat' dir='ltr'><em>expiari</em></span> <span class='ocrx_word' id='word_1_137' title='bbox 843 2447 1042 2521; x_wconf 90' lang='lat' dir='ltr'><em>pacemque</em></span> <span class='ocrx_word' id='word_1_138' title='bbox 1065 2423 1178 2495; x_wconf 75' lang='lat' dir='ltr'><em>deum,</em></span> <span class='ocrx_word' id='word_1_139' title='bbox 1194 2426 1269 2521; x_wconf 85' lang='lat' dir='ltr'><em>peti</em></span> 
     </span>
     <span class='ocr_line' id='line_1_20' title="bbox 206 2529 1266 2630; baseline 0.006 -32"><span class='ocrx_word' id='word_1_140' title='bbox 206 2529 493 2630; x_wconf 77' lang='lat' dir='ltr'><em>precationibus,</em></span> <span class='ocrx_word' id='word_1_141' title='bbox 513 2556 592 2628; x_wconf 85' lang='lat' dir='ltr'><em>quae</em></span> <span class='ocrx_word' id='word_1_142' title='bbox 611 2533 713 2604; x_wconf 85' lang='lat' dir='ltr'><em>editae</em></span> <span class='ocrx_word' id='word_1_143' title='bbox 735 2560 779 2604; x_wconf 84' lang='lat' dir='ltr'><em>ex</em></span> <span class='ocrx_word' id='word_1_144' title='bbox 798 2531 965 2606; x_wconf 86' lang='lat' dir='ltr'><em>fatalibus</em></span> <span class='ocrx_word' id='word_1_145' title='bbox 983 2531 1107 2606; x_wconf 88' lang='lat' dir='ltr'><em>libris¹</em></span> <span class='ocrx_word' id='word_1_146' title='bbox 1129 2537 1266 2618; x_wconf 83' lang='lat' dir='ltr'><em>essent,</em></span> 
     </span>
     <span class='ocr_line' id='line_1_21' title="bbox 205 2637 1268 2743; baseline 0.009 -34"><span class='ocrx_word' id='word_1_147' title='bbox 205 2637 348 2734; x_wconf 78' lang='lat' dir='ltr'><em>placuit.</em></span> <span class='ocrx_word' id='word_1_148' title='bbox 375 2643 525 2711; x_wconf 76' lang='lat' dir='ltr'><em>Lanuui</em></span> <span class='ocrx_word' id='word_1_149' title='bbox 550 2641 669 2716; x_wconf 87' lang='lat' dir='ltr'><em>classis</em></span> <span class='ocrx_word' id='word_1_150' title='bbox 696 2667 843 2742; x_wconf 63' lang='lat' dir='ltr'><em>magne</em></span> <span class='ocrx_word' id='word_1_151' title='bbox 857 2647 994 2743; x_wconf 88' lang='lat' dir='ltr'><em>species</em></span> <span class='ocrx_word' id='word_1_152' title='bbox 1018 2649 1056 2717; x_wconf 89' lang='lat' dir='ltr'><em>in</em></span> <span class='ocrx_word' id='word_1_153' title='bbox 1081 2649 1165 2719; x_wconf 83' lang='lat' dir='ltr'><em>caelo</em></span> <span class='ocrx_word' id='word_1_154' title='bbox 1188 2650 1268 2718; x_wconf 83' lang='lat' dir='ltr'><em>visae</em></span> 
     </span>
    </p>
   </div>
   <div class='ocr_carea' id='block_1_2' title="bbox 196 2831 1332 4244">
    <p class='ocr_par' dir='ltr' id='par_1_3' title="bbox 201 2831 1332 3848">
     <span class='ocr_line' id='line_1_22' title="bbox 241 2831 1265 2897; baseline 0.007 -20"><span class='ocrx_word' id='word_1_155' title='bbox 241 2847 264 2890; x_wconf 85' lang='lat'><em>7.</em></span> <span class='ocrx_word' id='word_1_156' title='bbox 274 2831 653 2897; x_wconf 77' lang='lat' dir='ltr'><em>Singidajumeutaperoppida,</em></span> <span class='ocrx_word' id='word_1_157' title='bbox 666 2846 712 2883; x_wconf 84' lang='lat' dir='ltr'><em>etc.</em></span> <span class='ocrx_word' id='word_1_158' title='bbox 756 2851 781 2882; x_wconf 85' lang='lat' dir='ltr'><em>u.</em></span> <span class='ocrx_word' id='word_1_159' title='bbox 794 2836 822 2891; x_wconf 84' lang='lat'><em>6,</em></span> <span class='ocrx_word' id='word_1_160' title='bbox 835 2847 859 2882; x_wconf 86' lang='lat' dir='ltr'><em>et</em></span> <span class='ocrx_word' id='word_1_161' title='bbox 872 2837 944 2894; x_wconf 78' lang='lat' dir='ltr'>XLI,</span> <span class='ocrx_word' id='word_1_162' title='bbox 959 2852 1005 2894; x_wconf 66' lang='grc' dir='ltr'><em>αι,</em></span> <span class='ocrx_word' id='word_1_163' title='bbox 1019 2853 1044 2884; x_wconf 90' lang='lat' dir='ltr'><em>n.</em></span> <span class='ocrx_word' id='word_1_164' title='bbox 1058 2838 1082 2884; x_wconf 88' lang='lat'><em>8.</em></span> <span class='ocrx_word' id='word_1_165' title='bbox 1095 2863 1130 2872; x_wconf 92' lang='lat'><em>-—</em></span> <span class='ocrx_word' id='word_1_166' title='bbox 1143 2837 1215 2884; x_wconf 76' lang='lat' dir='ltr'><em>Malu</em></span> <span class='ocrx_word' id='word_1_167' title='bbox 1224 2837 1265 2884; x_wconf 84' lang='lat' dir='ltr'><em>hic</em></span> 
     </span>
     <span class='ocr_line' id='line_1_23' title="bbox 206 2909 1265 2980; baseline 0.006 -24"><span class='ocrx_word' id='word_1_168' title='bbox 206 2909 271 2959; x_wconf 80' lang='lat' dir='ltr'><em>eous.</em></span> <span class='ocrx_word' id='word_1_169' title='bbox 290 2910 418 2973; x_wconf 84' lang='lat' dir='ltr'><em>Spauhem.</em></span> <span class='ocrx_word' id='word_1_170' title='bbox 437 2911 466 2958; x_wconf 89' lang='lat' dir='ltr'><em>de</em></span> <span class='ocrx_word' id='word_1_171' title='bbox 482 2927 528 2958; x_wconf 87' lang='lat' dir='ltr'><em>usu</em></span> <span class='ocrx_word' id='word_1_172' title='bbox 544 2923 569 2960; x_wconf 87' lang='lat' dir='ltr'><em>et</em></span> <span class='ocrx_word' id='word_1_173' title='bbox 588 2929 627 2976; x_wconf 80' lang='lat' dir='ltr'><em>pr.</em></span> <span class='ocrx_word' id='word_1_174' title='bbox 645 2929 712 2960; x_wconf 87' lang='lat' dir='ltr'><em>uum.</em></span> <span class='ocrx_word' id='word_1_175' title='bbox 757 2914 908 2972; x_wconf 83' lang='lat' dir='ltr'><em>Gronovius,</em></span> <span class='ocrx_word' id='word_1_176' title='bbox 922 2915 965 2978; x_wconf 87' lang='lat' dir='ltr'><em>qai</em></span> <span class='ocrx_word' id='word_1_177' title='bbox 977 2914 1052 2971; x_wconf 84' lang='lat' dir='ltr'><em>editi,</em></span> <span class='ocrx_word' id='word_1_178' title='bbox 1065 2925 1102 2963; x_wconf 83' lang='lat' dir='ltr'><em>sc.</em></span> <span class='ocrx_word' id='word_1_179' title='bbox 1121 2916 1168 2975; x_wconf 84' lang='lat' dir='ltr'><em>dii,</em></span> <span class='ocrx_word' id='word_1_180' title='bbox 1182 2915 1265 2980; x_wconf 81' lang='lat' dir='ltr'><em>exsa-</em></span> 
     </span>
     <span class='ocr_line' id='line_1_24' title="bbox 206 2989 1265 3057; baseline 0.006 -23"><span class='ocrx_word' id='word_1_181' title='bbox 206 2989 269 3035; x_wconf 83' lang='lat' dir='ltr'><em>Diss.</em></span> <span class='ocrx_word' id='word_1_182' title='bbox 280 2991 359 3046; x_wconf 90' lang='lat' dir='ltr'>XIII,</span> <span class='ocrx_word' id='word_1_183' title='bbox 370 3005 427 3053; x_wconf 87' lang='lat' dir='ltr'><em>pag.</em></span> <span class='ocrx_word' id='word_1_184' title='bbox 439 2990 488 3038; x_wconf 77' lang='lat'><em>562</em></span> <span class='ocrx_word' id='word_1_185' title='bbox 498 3025 506 3048; x_wconf 90' lang='lat'>‚</span> <span class='ocrx_word' id='word_1_186' title='bbox 516 2991 557 3053; x_wconf 86' lang='lat' dir='ltr'><em>qui</em></span> <span class='ocrx_word' id='word_1_187' title='bbox 568 2991 627 3038; x_wconf 89' lang='lat' dir='ltr'><em>hine</em></span> <span class='ocrx_word' id='word_1_188' title='bbox 638 2992 712 3056; x_wconf 83' lang='lat' dir='ltr'><em>origi·</em></span> <span class='ocrx_word' id='word_1_189' title='bbox 757 2995 859 3050; x_wconf 84' lang='lat' dir='ltr'><em>talibus,</em></span> <span class='ocrx_word' id='word_1_190' title='bbox 881 3005 927 3040; x_wconf 88' lang='lat' dir='ltr'><em>etc.</em></span> <span class='ocrx_word' id='word_1_191' title='bbox 947 2993 1102 3040; x_wconf 83' lang='lat' dir='ltr'><em>Decemviros</em></span> <span class='ocrx_word' id='word_1_192' title='bbox 1118 2995 1216 3057; x_wconf 86' lang='lat' dir='ltr'><em>quidem</em></span> <span class='ocrx_word' id='word_1_193' title='bbox 1234 3007 1265 3040; x_wconf 87' lang='lat' dir='ltr'><em>ex</em></span> 
     </span>
     <span class='ocr_line' id='line_1_25' title="bbox 206 3069 1265 3138; baseline 0.007 -25"><span class='ocrx_word' id='word_1_194' title='bbox 206 3083 261 3114; x_wconf 85' lang='lat' dir='ltr'><em>nem</em></span> <span class='ocrx_word' id='word_1_195' title='bbox 270 3083 354 3115; x_wconf 86' lang='lat' dir='ltr'><em>cursus</em></span> <span class='ocrx_word' id='word_1_196' title='bbox 362 3069 454 3132; x_wconf 87' lang='lat' dir='ltr'><em>publici</em></span> <span class='ocrx_word' id='word_1_197' title='bbox 463 3069 607 3118; x_wconf 78' lang='lat' dir='ltr'><em>vehicularia</em></span> <span class='ocrx_word' id='word_1_198' title='bbox 616 3070 712 3134; x_wconf 86' lang='lat' dir='ltr'><em>repetit.</em></span> <span class='ocrx_word' id='word_1_199' title='bbox 755 3071 824 3121; x_wconf 84' lang='lat' dir='ltr'><em>libris</em></span> <span class='ocrx_word' id='word_1_200' title='bbox 838 3072 964 3136; x_wconf 85' lang='lat' dir='ltr'><em>Sibyllinis</em></span> <span class='ocrx_word' id='word_1_201' title='bbox 976 3072 1080 3120; x_wconf 83' lang='lat' dir='ltr'><em>edidisse</em></span> <span class='ocrx_word' id='word_1_202' title='bbox 1091 3073 1166 3133; x_wconf 90' lang='lat' dir='ltr'><em>deos,</em></span> <span class='ocrx_word' id='word_1_203' title='bbox 1176 3073 1265 3138; x_wconf 75' lang='lat' dir='ltr'><em>qm&#39;bus</em></span> 
     </span>
     <span class='ocr_line' id='line_1_26' title="bbox 204 3146 1263 3212; baseline 0.008 -20"><span class='ocrx_word' id='word_1_204' title='bbox 204 3146 535 3212; x_wconf 82' lang='lat' dir='ltr'><em>-Injariaconsulis,etc.</em></span> <span class='ocrx_word' id='word_1_205' title='bbox 549 3164 605 3196; x_wconf 88' lang='lat' dir='ltr'><em>cum</em></span> <span class='ocrx_word' id='word_1_206' title='bbox 613 3148 711 3196; x_wconf 84' lang='lat' dir='ltr'><em>Schelio</em></span> <span class='ocrx_word' id='word_1_207' title='bbox 756 3150 939 3212; x_wconf 84' lang='lat' dir='ltr'><em>sacrificaretur,</em></span> <span class='ocrx_word' id='word_1_208' title='bbox 950 3151 1007 3198; x_wconf 87' lang='lat' dir='ltr'><em>satis</em></span> <span class='ocrx_word' id='word_1_209' title='bbox 1030 3164 1126 3200; x_wconf 82' lang='lat' dir='ltr'><em>constat</em></span> <span class='ocrx_word' id='word_1_210' title='bbox 1146 3169 1177 3200; x_wconf 87' lang='lat' dir='ltr'><em>ex</em></span> <span class='ocrx_word' id='word_1_211' title='bbox 1200 3153 1263 3200; x_wconf 76' lang='lat' dir='ltr'><em>Livii</em></span> 
     </span>
     <span class='ocr_line' id='line_1_27' title="bbox 207 3221 1262 3292; baseline 0.008 -20"><span class='ocrx_word' id='word_1_212' title='bbox 207 3221 286 3287; x_wconf 74' lang='lat' dir='ltr'><em>(uia.</em></span> <span class='ocrx_word' id='word_1_213' title='bbox 299 3225 330 3274; x_wconf 85' lang='lat' dir='ltr'><em>ad</em></span> <span class='ocrx_word' id='word_1_214' title='bbox 342 3227 431 3292; x_wconf 80' lang='lat' dir='ltr'><em>Polyb.</em></span> <span class='ocrx_word' id='word_1_215' title='bbox 444 3243 498 3291; x_wconf 85' lang='lat' dir='ltr'><em>cap.</em></span> <span class='ocrx_word' id='word_1_216' title='bbox 513 3228 541 3286; x_wconf 85' lang='lat'><em>5,</em></span> <span class='ocrx_word' id='word_1_217' title='bbox 553 3243 611 3292; x_wconf 82' lang='lat' dir='ltr'><em>pag.</em></span> <span class='ocrx_word' id='word_1_218' title='bbox 626 3227 711 3292; x_wconf 78' lang='lat'>1211)</span> <span class='ocrx_word' id='word_1_219' title='bbox 754 3231 835 3288; x_wconf 89' lang='lat' dir='ltr'>XXI,</span> <span class='ocrx_word' id='word_1_220' title='bbox 850 3232 898 3289; x_wconf 86' lang='lat'><em>61;</em></span> <span class='ocrx_word' id='word_1_221' title='bbox 910 3231 967 3288; x_wconf 87' lang='lat' dir='ltr'><em>XL,</em></span> <span class='ocrx_word' id='word_1_222' title='bbox 980 3231 1031 3292; x_wconf 76' lang='lat' dir='ltr'><em>ti,</em></span> <span class='ocrx_word' id='word_1_223' title='bbox 1043 3243 1068 3279; x_wconf 85' lang='lat' dir='ltr'><em>et</em></span> <span class='ocrx_word' id='word_1_224' title='bbox 1080 3231 1145 3279; x_wconf 75' lang='lat' dir='ltr'><em>alibi.</em></span> <span class='ocrx_word' id='word_1_225' title='bbox 1158 3231 1262 3280; x_wconf 83' lang='lat' dir='ltr'><em>Eosdem</em></span> 
     </span>
     <span class='ocr_line' id='line_1_28' title="bbox 202 3304 1332 3376; baseline 0.005 -26"><span class='ocrx_word' id='word_1_226' title='bbox 202 3304 266 3352; x_wconf 79' lang='lat' dir='ltr'><em>forte</em></span> <span class='ocrx_word' id='word_1_227' title='bbox 279 3307 326 3370; x_wconf 87' lang='lat' dir='ltr'><em>leg.</em></span> <span class='ocrx_word' id='word_1_228' title='bbox 346 3309 390 3353; x_wconf 88' lang='lat' dir='ltr'><em>Ira</em></span> <span class='ocrx_word' id='word_1_229' title='bbox 407 3307 511 3355; x_wconf 76' lang='lat' dir='ltr'><em>considis</em></span> <span class='ocrx_word' id='word_1_230' title='bbox 517 3341 579 3356; x_wconf 88' lang='grc'><em>.....</em></span> <span class='ocrx_word' id='word_1_231' title='bbox 597 3321 710 3354; x_wconf 80' lang='lat' dir='ltr'><em>exercea-</em></span> <span class='ocrx_word' id='word_1_232' title='bbox 755 3317 834 3356; x_wconf 86' lang='lat' dir='ltr'><em>tamen</em></span> <span class='ocrx_word' id='word_1_233' title='bbox 846 3326 877 3356; x_wconf 84' lang='lat' dir='ltr'><em>ex</em></span> <span class='ocrx_word' id='word_1_234' title='bbox 889 3307 958 3358; x_wconf 85' lang='lat' dir='ltr'><em>libris</em></span> <span class='ocrx_word' id='word_1_235' title='bbox 971 3309 1082 3358; x_wconf 85' lang='lat' dir='ltr'><em>fatalibus</em></span> <span class='ocrx_word' id='word_1_236' title='bbox 1095 3310 1167 3358; x_wconf 83' lang='lat' dir='ltr'><em>ctiam</em></span> <span class='ocrx_word' id='word_1_237' title='bbox 1181 3327 1264 3376; x_wconf 85' lang='lat' dir='ltr'><em>preca·</em></span> <span class='ocrx_word' id='word_1_238' title='bbox 1330 3351 1332 3356; x_wconf 94' lang='lat'><em>.</em></span> 
     </span>
     <span class='ocr_line' id='line_1_29' title="bbox 203 3375 1261 3453; baseline 0.008 -23"><span class='ocrx_word' id='word_1_239' title='bbox 203 3383 238 3430; x_wconf 83' lang='lat' dir='ltr'><em>da</em></span> <span class='ocrx_word' id='word_1_240' title='bbox 248 3383 309 3446; x_wconf 85' lang='lat' dir='ltr'><em>fuit,</em></span> <span class='ocrx_word' id='word_1_241' title='bbox 319 3397 343 3432; x_wconf 86' lang='lat' dir='ltr'><em>ct</em></span> <span class='ocrx_word' id='word_1_242' title='bbox 356 3385 489 3443; x_wconf 80' lang='lat' dir='ltr'><em>silentium,</em></span> <span class='ocrx_word' id='word_1_243' title='bbox 509 3397 555 3434; x_wconf 85' lang='lat' dir='ltr'><em>eto.</em></span> <span class='ocrx_word' id='word_1_244' title='bbox 575 3386 613 3434; x_wconf 87' lang='lat' dir='ltr'><em>vel</em></span> <span class='ocrx_word' id='word_1_245' title='bbox 628 3389 657 3432; x_wconf 86' lang='lat' dir='ltr'><em>In</em></span> <span class='ocrx_word' id='word_1_246' title='bbox 670 3386 710 3433; x_wconf 87' lang='lat' dir='ltr'><em>ira</em></span> <span class='ocrx_word' id='word_1_247' title='bbox 755 3375 833 3436; x_wconf 84' lang='lat' dir='ltr'><em>tiones</em></span> <span class='ocrx_word' id='word_1_248' title='bbox 847 3381 966 3448; x_wconf 83' lang='lat' dir='ltr'><em>edidisse,</em></span> <span class='ocrx_word' id='word_1_249' title='bbox 978 3389 1037 3436; x_wconf 86' lang='lat' dir='ltr'><em>etin</em></span> <span class='ocrx_word' id='word_1_250' title='bbox 1048 3389 1261 3453; x_wconf 84' lang='lat' dir='ltr'><em>votisooucipieu·</em></span> 
     </span>
     <span class='ocr_line' id='line_1_30' title="bbox 204 3465 1265 3532; baseline 0.007 -23"><span class='ocrx_word' id='word_1_251' title='bbox 204 3465 225 3512; x_wconf 74' lang='grc' dir='ltr'><em>οξ</em></span> <span class='ocrx_word' id='word_1_252' title='bbox 236 3465 371 3512; x_wconf 72' lang='lat' dir='ltr'><em>exercenda</em></span> <span class='ocrx_word' id='word_1_253' title='bbox 382 3465 516 3524; x_wconf 85' lang='lat' dir='ltr'><em>silentium,</em></span> <span class='ocrx_word' id='word_1_254' title='bbox 528 3478 575 3515; x_wconf 87' lang='lat' dir='ltr'><em>etc.</em></span> <span class='ocrx_word' id='word_1_255' title='bbox 587 3494 621 3506; x_wconf 92' lang='lat'><em>-</em></span> <span class='ocrx_word' id='word_1_256' title='bbox 630 3467 711 3514; x_wconf 81' lang='lat' dir='ltr'><em>Exer·</em></span> <span class='ocrx_word' id='word_1_257' title='bbox 756 3468 793 3515; x_wconf 88' lang='lat' dir='ltr'><em>dis</em></span> <span class='ocrx_word' id='word_1_258' title='bbox 803 3465 875 3515; x_wconf 88' lang='lat' dir='ltr'><em>verba</em></span> <span class='ocrx_word' id='word_1_259' title='bbox 886 3466 1020 3532; x_wconf 75' lang='lat' dir='ltr'><em>praeivisse,</em></span> <span class='ocrx_word' id='word_1_260' title='bbox 1029 3468 1122 3517; x_wconf 84' lang='lat' dir='ltr'><em>indicat</em></span> <span class='ocrx_word' id='word_1_261' title='bbox 1131 3485 1182 3516; x_wconf 88' lang='lat' dir='ltr'><em>non</em></span> <span class='ocrx_word' id='word_1_262' title='bbox 1192 3470 1265 3516; x_wconf 81' lang='lat' dir='ltr'><em>semel</em></span> 
     </span>
     <span class='ocr_line' id='line_1_31' title="bbox 203 3544 1263 3611; baseline 0.008 -23"><span class='ocrx_word' id='word_1_263' title='bbox 203 3558 256 3590; x_wconf 87' lang='lat' dir='ltr'><em>cere</em></span> <span class='ocrx_word' id='word_1_264' title='bbox 275 3544 356 3601; x_wconf 87' lang='lat' dir='ltr'><em>iram,</em></span> <span class='ocrx_word' id='word_1_265' title='bbox 377 3556 405 3592; x_wconf 90' lang='lat' dir='ltr'><em>ut</em></span> <span class='ocrx_word' id='word_1_266' title='bbox 429 3561 542 3594; x_wconf 78' lang='lat' dir='ltr'><em>exercere</em></span> <span class='ocrx_word' id='word_1_267' title='bbox 563 3544 710 3602; x_wconf 82' lang='lat' dir='ltr'><em>victoriam,</em></span> <span class='ocrx_word' id='word_1_268' title='bbox 756 3548 808 3595; x_wconf 75' lang='lat' dir='ltr'><em>Lis.</em></span> <span class='ocrx_word' id='word_1_269' title='bbox 823 3549 956 3611; x_wconf 71' lang='lat' dir='ltr'><em>prasertim</em></span> <span class='ocrx_word' id='word_1_270' title='bbox 967 3549 1016 3608; x_wconf 87' lang='lat' dir='ltr'><em>jam</em></span> <span class='ocrx_word' id='word_1_271' title='bbox 1026 3549 1125 3596; x_wconf 83' lang='lat' dir='ltr'><em>laudato</em></span> <span class='ocrx_word' id='word_1_272' title='bbox 1139 3549 1182 3596; x_wconf 84' lang='lat' dir='ltr'><em>lib.</em></span> <span class='ocrx_word' id='word_1_273' title='bbox 1193 3549 1263 3607; x_wconf 78' lang='lat' dir='ltr'>XLI,</span> 
     </span>
     <span class='ocr_line' id='line_1_32' title="bbox 202 3622 1263 3690; baseline 0.006 -22"><span class='ocrx_word' id='word_1_274' title='bbox 202 3622 252 3684; x_wconf 81' lang='lat' dir='ltr'><em>VI,</em></span> <span class='ocrx_word' id='word_1_275' title='bbox 263 3637 310 3680; x_wconf 70' lang='lat'><em>22⁴,</em></span> <span class='ocrx_word' id='word_1_276' title='bbox 322 3639 348 3670; x_wconf 89' lang='lat' dir='ltr'><em>n.</em></span> <span class='ocrx_word' id='word_1_277' title='bbox 358 3639 380 3684; x_wconf 89' lang='lat'><em>1,</em></span> <span class='ocrx_word' id='word_1_278' title='bbox 391 3635 414 3672; x_wconf 88' lang='lat' dir='ltr'><em>et</em></span> <span class='ocrx_word' id='word_1_279' title='bbox 424 3640 536 3673; x_wconf 74' lang='lat' dir='ltr'><em>exemere</em></span> <span class='ocrx_word' id='word_1_280' title='bbox 545 3623 709 3680; x_wconf 81' lang='lat' dir='ltr'><em>inimicitiam,</em></span> <span class='ocrx_word' id='word_1_281' title='bbox 755 3642 809 3689; x_wconf 87' lang='lat' dir='ltr'><em>cap.</em></span> <span class='ocrx_word' id='word_1_282' title='bbox 829 3642 871 3674; x_wconf 70' lang='grc' dir='ltr'><em>ππ.</em></span> <span class='ocrx_word' id='word_1_283' title='bbox 887 3627 927 3674; x_wconf 90' lang='lat' dir='ltr'><em>Ob</em></span> <span class='ocrx_word' id='word_1_284' title='bbox 942 3627 1004 3674; x_wconf 87' lang='lat' dir='ltr'><em>hauc</em></span> <span class='ocrx_word' id='word_1_285' title='bbox 1018 3627 1092 3690; x_wconf 84' lang='lat' dir='ltr'><em>igitur</em></span> <span class='ocrx_word' id='word_1_286' title='bbox 1104 3643 1199 3675; x_wconf 84' lang='lat' dir='ltr'><em>eausam</em></span> <span class='ocrx_word' id='word_1_287' title='bbox 1213 3643 1263 3675; x_wconf 87' lang='lat' dir='ltr'><em>ser-</em></span> 
     </span>
     <span class='ocr_line' id='line_1_33' title="bbox 202 3699 1262 3772; baseline 0.007 -25"><span class='ocrx_word' id='word_1_288' title='bbox 202 3699 295 3764; x_wconf 87' lang='lat' dir='ltr'><em>dequo</em></span> <span class='ocrx_word' id='word_1_289' title='bbox 310 3701 366 3749; x_wconf 87' lang='lat' dir='ltr'><em>vide</em></span> <span class='ocrx_word' id='word_1_290' title='bbox 377 3703 486 3752; x_wconf 91' lang='lat' dir='ltr'><em>Cortium</em></span> <span class='ocrx_word' id='word_1_291' title='bbox 499 3705 529 3752; x_wconf 89' lang='lat' dir='ltr'><em>ad</em></span> <span class='ocrx_word' id='word_1_292' title='bbox 543 3702 640 3752; x_wconf 82' lang='lat' dir='ltr'><em>Sallust.</em></span> <span class='ocrx_word' id='word_1_293' title='bbox 657 3703 711 3751; x_wconf 86' lang='lat' dir='ltr'><em>Cat.</em></span> <span class='ocrx_word' id='word_1_294' title='bbox 754 3705 861 3752; x_wconf 86' lang='lat' dir='ltr'><em>vandum</em></span> <span class='ocrx_word' id='word_1_295' title='bbox 875 3705 1000 3772; x_wconf 74' lang='lat' dir='ltr'><em>vulgatura</em></span> <span class='ocrx_word' id='word_1_296' title='bbox 1012 3716 1082 3769; x_wconf 85' lang='lat' dir='ltr'><em>putat</em></span> <span class='ocrx_word' id='word_1_297' title='bbox 1099 3700 1186 3764; x_wconf 64' lang='lat' dir='ltr'><em>Duell„</em></span> <span class='ocrx_word' id='word_1_298' title='bbox 1201 3723 1262 3770; x_wconf 82' lang='lat' dir='ltr'><em>pree·</em></span> 
     </span>
     <span class='ocr_line' id='line_1_34' title="bbox 201 3777 1288 3848; baseline 0.007 -22"><span class='ocrx_word' id='word_1_299' title='bbox 201 3796 255 3843; x_wconf 88' lang='lat' dir='ltr'><em>cap.</em></span> <span class='ocrx_word' id='word_1_300' title='bbox 271 3789 316 3843; x_wconf 72' lang='lat'><em>49,</em></span> <span class='ocrx_word' id='word_1_301' title='bbox 329 3797 355 3827; x_wconf 87' lang='lat' dir='ltr'><em>n.</em></span> <span class='ocrx_word' id='word_1_302' title='bbox 370 3797 394 3827; x_wconf 78' lang='lat' dir='ltr'><em>a.</em></span> <span class='ocrx_word' id='word_1_303' title='bbox 404 3784 449 3831; x_wconf 86' lang='lat' dir='ltr'><em>Eu.</em></span> <span class='ocrx_word' id='word_1_304' title='bbox 755 3795 827 3832; x_wconf 83' lang='lat' dir='ltr'><em>eunte</em></span> <span class='ocrx_word' id='word_1_305' title='bbox 837 3785 970 3846; x_wconf 61' lang='lat' dir='ltr'><em>(irrisorio,</em></span> <span class='ocrx_word' id='word_1_306' title='bbox 987 3786 1108 3848; x_wconf 85' lang='lat' dir='ltr'><em>quiurget</em></span> <span class='ocrx_word' id='word_1_307' title='bbox 1118 3784 1260 3834; x_wconf 82' lang='lat' dir='ltr'><em>verbalina·</em></span> <span class='ocrx_word' id='word_1_308' title='bbox 1283 3777 1288 3785; x_wconf 55' lang='lat'><em>.</em></span> 
     </span>
    </p>

    <p class='ocr_par' dir='ltr' id='par_1_4' title="bbox 196 3859 1261 4244">
     <span class='ocr_line' id='line_1_35' title="bbox 236 3859 1261 3932; baseline 0.007 -26"><span class='ocrx_word' id='word_1_309' title='bbox 236 3859 298 3906; x_wconf 68' lang='lat' dir='ltr'><em>Car.</em></span> <span class='ocrx_word' id='word_1_310' title='bbox 310 3861 342 3906; x_wconf 88' lang='lat' dir='ltr'><em>tt.</em></span> <span class='ocrx_word' id='word_1_311' title='bbox 355 3877 376 3907; x_wconf 91' lang='lat'><em>1.</em></span> <span class='ocrx_word' id='word_1_312' title='bbox 392 3861 509 3925; x_wconf 84' lang='lat' dir='ltr'><em>Prodigia</em></span> <span class='ocrx_word' id='word_1_313' title='bbox 527 3859 642 3925; x_wconf 79' lang='lat' dir='ltr'><em>expiari(</em></span> <span class='ocrx_word' id='word_1_314' title='bbox 652 3859 709 3908; x_wconf 88' lang='lat' dir='ltr'><em>vide</em></span> <span class='ocrx_word' id='word_1_315' title='bbox 754 3863 786 3910; x_wconf 83' lang='lat' dir='ltr'><em>lia</em></span> <span class='ocrx_word' id='word_1_316' title='bbox 797 3863 870 3924; x_wconf 80' lang='lat' dir='ltr'><em>hujus</em></span> <span class='ocrx_word' id='word_1_317' title='bbox 879 3865 979 3929; x_wconf 86' lang='lat' dir='ltr'><em>capitis,</em></span> <span class='ocrx_word' id='word_1_318' title='bbox 991 3864 1156 3932; x_wconf 65' lang='lat' dir='ltr'><em>sacrificatum</em></span> <span class='ocrx_word' id='word_1_319' title='bbox 1169 3878 1219 3923; x_wconf 78' lang='lat' dir='ltr'><em>asc,</em></span> <span class='ocrx_word' id='word_1_320' title='bbox 1233 3879 1261 3914; x_wconf 85' lang='lat' dir='ltr'><em>ae</em></span> 
     </span>
     <span class='ocr_line' id='line_1_36' title="bbox 201 3936 1261 4005; baseline 0.009 -23"><span class='ocrx_word' id='word_1_321' title='bbox 201 3936 232 3982; x_wconf 80' lang='lat' dir='ltr'><em>ad</em></span> <span class='ocrx_word' id='word_1_322' title='bbox 247 3939 272 3994; x_wconf 89' lang='lat' dir='ltr'><em>l,</em></span> <span class='ocrx_word' id='word_1_323' title='bbox 288 3953 320 3985; x_wconf 75' lang='lat' dir='ltr'><em>uo</em></span> <span class='ocrx_word' id='word_1_324' title='bbox 330 3972 337 3996; x_wconf 91' lang='lat'><strong><em>‚</em></strong></span> <span class='ocrx_word' id='word_1_325' title='bbox 349 3955 373 3986; x_wconf 91' lang='lat' dir='ltr'><em>n.</em></span> <span class='ocrx_word' id='word_1_326' title='bbox 388 3954 414 3986; x_wconf 76' lang='grc' dir='ltr'><em>ιι</em></span> <span class='ocrx_word' id='word_1_327' title='bbox 427 3939 597 4004; x_wconf 81' lang='lat' dir='ltr'><em>)‚pacemqae</em></span> <span class='ocrx_word' id='word_1_328' title='bbox 607 3940 707 3990; x_wconf 86' lang='lat' dir='ltr'><em>dearum</em></span> <span class='ocrx_word' id='word_1_329' title='bbox 752 3943 879 3989; x_wconf 84' lang='lat' dir='ltr'><em>decemviri</em></span> <span class='ocrx_word' id='word_1_330' title='bbox 897 3942 1010 4005; x_wconf 64' lang='lat' dir='ltr'><em>scnptum</em></span> <span class='ocrx_word' id='word_1_331' title='bbox 1032 3943 1166 3991; x_wconf 81' lang='lat' dir='ltr'><em>ediderunt.</em></span> <span class='ocrx_word' id='word_1_332' title='bbox 1184 3946 1261 3994; x_wconf 70' lang='lat' dir='ltr'><em>Cute-</em></span> 
     </span>
     <span class='ocr_line' id='line_1_37' title="bbox 196 4013 1260 4084; baseline 0.011 -24"><span class='ocrx_word' id='word_1_333' title='bbox 196 4015 252 4077; x_wconf 82' lang='lat' dir='ltr'><em>peti</em></span> <span class='ocrx_word' id='word_1_334' title='bbox 262 4013 271 4077; x_wconf 92' lang='lat'>(</span> <span class='ocrx_word' id='word_1_335' title='bbox 280 4016 335 4064; x_wconf 82' lang='lat' dir='ltr'><em>vide</em></span> <span class='ocrx_word' id='word_1_336' title='bbox 347 4017 378 4064; x_wconf 86' lang='lat' dir='ltr'><em>ad</em></span> <span class='ocrx_word' id='word_1_337' title='bbox 386 4019 413 4072; x_wconf 89' lang='grc' dir='ltr'><em>Ι,</em></span> <span class='ocrx_word' id='word_1_338' title='bbox 427 4019 469 4075; x_wconf 82' lang='lat'><em>16,</em></span> <span class='ocrx_word' id='word_1_339' title='bbox 481 4035 505 4065; x_wconf 91' lang='lat' dir='ltr'><em>u.</em></span> <span class='ocrx_word' id='word_1_340' title='bbox 518 4018 706 4083; x_wconf 71' lang='lat' dir='ltr'><em>4)precationi-</em></span> <span class='ocrx_word' id='word_1_341' title='bbox 754 4039 824 4084; x_wconf 86' lang='lat' dir='ltr'><em>rum,</em></span> <span class='ocrx_word' id='word_1_342' title='bbox 837 4025 859 4069; x_wconf 85' lang='lat' dir='ltr'><em>si</em></span> <span class='ocrx_word' id='word_1_343' title='bbox 876 4022 1016 4070; x_wconf 84' lang='lat' dir='ltr'><em>admittatur</em></span> <span class='ocrx_word' id='word_1_344' title='bbox 1025 4025 1100 4071; x_wconf 90' lang='lat' dir='ltr'><em>Grou.</em></span> <span class='ocrx_word' id='word_1_345' title='bbox 1112 4025 1260 4080; x_wconf 85' lang='lat' dir='ltr'><em>emendatio,</em></span> 
     </span>
     <span class='ocr_line' id='line_1_38' title="bbox 199 4093 1259 4165; baseline 0.009 -25"><span class='ocrx_word' id='word_1_346' title='bbox 199 4093 259 4148; x_wconf 82' lang='lat' dir='ltr'><em>bus,</em></span> <span class='ocrx_word' id='word_1_347' title='bbox 274 4111 328 4156; x_wconf 83' lang='lat' dir='ltr'><em>qua</em></span> <span class='ocrx_word' id='word_1_348' title='bbox 338 4095 409 4143; x_wconf 75' lang='lat' dir='ltr'><em>editae</em></span> <span class='ocrx_word' id='word_1_349' title='bbox 421 4111 452 4143; x_wconf 82' lang='lat' dir='ltr'><em>ca</em></span> <span class='ocrx_word' id='word_1_350' title='bbox 459 4096 582 4161; x_wconf 79' lang='lat' dir='ltr'><em>fatalibus</em></span> <span class='ocrx_word' id='word_1_351' title='bbox 592 4096 657 4144; x_wconf 83' lang='lat' dir='ltr'><em>libris</em></span> <span class='ocrx_word' id='word_1_352' title='bbox 670 4114 704 4144; x_wconf 82' lang='lat' dir='ltr'><em>es·</em></span> <span class='ocrx_word' id='word_1_353' title='bbox 754 4117 803 4165; x_wconf 89' lang='lat' dir='ltr'><em>quo</em></span> <span class='ocrx_word' id='word_1_354' title='bbox 821 4101 908 4149; x_wconf 77' lang='lat' dir='ltr'><em>celeras</em></span> <span class='ocrx_word' id='word_1_355' title='bbox 926 4101 1012 4150; x_wconf 80' lang='lat' dir='ltr'><em>vocem</em></span> <span class='ocrx_word' id='word_1_356' title='bbox 1023 4103 1212 4165; x_wconf 84' lang='lat' dir='ltr'><em>precationibus,</em></span> <span class='ocrx_word' id='word_1_357' title='bbox 1229 4103 1259 4151; x_wconf 90' lang='lat' dir='ltr'><em>ad</em></span> 
     </span>
     <span class='ocr_line' id='line_1_39' title="bbox 200 4172 1261 4244; baseline 0 -16"><span class='ocrx_word' id='word_1_358' title='bbox 200 4184 254 4218; x_wconf 66' lang='lat' dir='ltr'><em>“M</em></span> <span class='ocrx_word' id='word_1_359' title='bbox 262 4190 272 4229; x_wconf 72' lang='grc' dir='ltr'><em>ἱ</em></span> <span class='ocrx_word' id='word_1_360' title='bbox 293 4172 346 4219; x_wconf 62' lang='lat' dir='ltr'><em>Vide</em></span> <span class='ocrx_word' id='word_1_361' title='bbox 361 4175 391 4220; x_wconf 65' lang='lat' dir='ltr'><em>td</em></span> <span class='ocrx_word' id='word_1_362' title='bbox 406 4176 432 4234; x_wconf 74' lang='lat'><em>1,</em></span> <span class='ocrx_word' id='word_1_363' title='bbox 452 4177 496 4231; x_wconf 59' lang='lat'><em>13,</em></span> <span class='ocrx_word' id='word_1_364' title='bbox 512 4192 535 4222; x_wconf 88' lang='lat'><em>¹¹·</em></span> <span class='ocrx_word' id='word_1_365' title='bbox 556 4192 587 4234; x_wconf 77' lang='lat'><em>²3</em></span> <span class='ocrx_word' id='word_1_366' title='bbox 602 4177 651 4231; x_wconf 60' lang='grc' dir='ltr'><em>ΠΙ»</em></span> <span class='ocrx_word' id='word_1_367' title='bbox 669 4193 706 4233; x_wconf 76' lang='grc'><em>[0,</em></span> <span class='ocrx_word' id='word_1_368' title='bbox 753 4197 822 4242; x_wconf 84' lang='lat' dir='ltr'><em>quam</em></span> <span class='ocrx_word' id='word_1_369' title='bbox 832 4181 1152 4244; x_wconf 76' lang='lat' dir='ltr'><em>omniuospoctarentverba</em></span> <span class='ocrx_word' id='word_1_370' title='bbox 1162 4193 1261 4242; x_wconf 60' lang='lat' dir='ltr'><em>secturu-</em></span> 
     </span>
    </p>
   </div>
   <div class='ocr_carea' id='block_1_3' title="bbox 0 0 1490 4720">
    <p class='ocr_par' dir='ltr' id='par_1_5' title="bbox 0 0 1490 4720">
     <span class='ocr_line' id='line_1_40' title="bbox 0 0 1490 4720; baseline 0 5"><span class='ocrx_word' id='word_1_371' title='bbox 0 0 1490 4720; x_wconf 95' lang='lat' dir='ltr'><em> </em></span> 
     </span>
    </p>
   </div>
  </div>
 </body>
</html>
