2984 4706
255 372 323 444 282
677 385 715 448 r.
749 385 891 454 Livii
1162 376 1288 418 *⁰³⁶⁸-

1162 433 1190 473 U.
1202 439 1224 477 c.
1240 437 1285 484 584.

253 496 389 566 destitit
406 498 563 584 mittere,
578 525 687 596 quam
701 527 825 599 pacem
841 531 923 578 cum
937 510 980 579 iis
994 510 1233 585 confirmaret.
1250 520 1314 586 Su-

253 621 415 703 spectum
434 609 650 680 Antiochum
669 611 856 703 effecerat,
881 618 1000 712 quod,
1018 635 1142 692 caetera
1163 627 1314 722 AEgypto

254 715 321 787 sibi
333 717 480 806 tradita,
493 720 623 791 Pelusii
633 724 790 794 validum
804 726 967 797 relictum
982 741 1079 800 erat²
1094 730 1310 828 praesidium.

252 825 477 922 Apparebat,
496 828 647 900 claustra
661 836 803 931 AEgypti
823 839 957 924 teneri,
976 853 1032 926 ut,
1052 865 1166 936 quum
1184 844 1311 932 vellet,

252 959 375 1008 rursus
392 941 587 1009 exercitum
606 942 792 1014 induceret
812 971 818 1012 :
841 945 939 1017 bello
954 949 1124 1021 intestino
1143 977 1225 1022 cum
1244 953 1313 1024 fra-

251 1058 307 1114 tre
326 1069 409 1115 eum
426 1050 562 1120 exitum
575 1048 670 1138 fore,
686 1067 727 1123 ut
741 1056 866 1142 victor,
881 1053 994 1127 fessus
1010 1061 1223 1148 certamine,
1246 1087 1309 1132 ue-

252 1179 434 1251 quaquam
450 1183 515 1255 par
530 1160 709 1231 Antiocho
722 1161 865 1234 futurus
879 1180 981 1236 esset.
996 1171 1094 1255 Haec,
1114 1168 1312 1264 prudenter

251 1267 495 1339 animadversa
509 1294 529 1339 a
545 1271 697 1364 majore,
713 1297 796 1342 cum
815 1297 961 1345 assensu
976 1276 1097 1344 minor
1109 1273 1218 1346 frater
1230 1279 1310 1373 qui-

251 1402 324 1472 que
346 1402 427 1480 cum
454 1405 498 1449 eo
522 1395 624 1454 erant
645 1380 885 1479 acceperunt:
907 1409 1012 1456 soror
1035 1387 1231 1482 plurimum
1252 1387 1311 1457 ad-

249 1488 362 1582 juvit,
377 1513 452 1559 non
465 1489 615 1560 consilio
628 1491 756 1578 modo,
771 1493 834 1564 sed
849 1495 954 1564 etiam
969 1495 1147 1591 precibus.
1165 1501 1310 1592 Itaque,

220 1673 224 1680 ,
251 1598 560 1670 consentientibus
581 1603 724 1673 cunctis
744 1625 830 1700 pace
855 1602 967 1692 facta,
985 1604 1234 1676 Alexandriam
1253 1631 1310 1686 re-

250 1709 392 1805 cipitur,
413 1735 460 1780 ne
485 1709 717 1782 multitudine
744 1711 890 1809 quidem
917 1713 1147 1800 adversante,
1170 1740 1250 1812 quae
1271 1717 1309 1784 in

248 1815 346 1888 bello
362 1842 436 1887 non
452 1843 518 1915 per
531 1819 755 1890 obsidionem
771 1823 897 1910 mod0,
917 1821 1102 1894 sedetiam
1117 1840 1309 1922 postquam

249 1953 269 1998 a
287 1927 467 1998 moenibus
484 1928 687 2001 abscessum
702 1945 773 2017 est,
791 1934 874 2028 quia
893 1931 984 2002 nihil
999 1957 1042 2003 ex
1058 1939 1212 2030 AEgypto
1228 1934 1310 2004 sub·

249 2035 458 2125 vehebatur,
480 2042 643 2109 omnium
663 2065 785 2111 rerum
802 2055 982 2111 attenuata
1002 2043 1126 2140 inopia
1146 2057 1231 2112 erat.
1247 2044 1309 2112 His

250 2171 365 2243 quum
390 2146 498 2217 lactari
522 2149 739 2220 Antiochum
766 2152 983 2222 conveniens
1011 2165 1125 2236 esset,
1151 2151 1180 2220 si
1204 2151 1309 2220 redu-

250 2256 354 2326 cendi
383 2257 461 2351 ejus
487 2254 618 2328 causa³
650 2261 845 2330 exercitum
868 2264 1058 2356 AEgyptum
1088 2257 1307 2346 induxisset,

249 2393 324 2464 quo
347 2369 510 2464 specioso
532 2368 635 2438 titulo
654 2369 698 2439 ad
720 2379 848 2440 omnes
865 2371 954 2440 Asiae
970 2384 1008 2440 et
1030 2370 1180 2439 Graeciae·
1193 2370 1309 2440 civita·

218 2537 220 2544 ,
248 2461 325 2565 tcs',
354 2476 591 2574 legationibus
620 2477 834 2576 recipiendis
855 2479 1039 2575 literisque
1065 2478 1307 2566 dimittendis,

248 2612 334 2657 usus
357 2601 453 2674 erat,
481 2585 571 2658 adeo
598 2603 651 2658 est
676 2586 859 2674 offensus,
887 2603 928 2659 ut
949 2588 1066 2658 multo
1086 2589 1200 2658 acrius
1221 2585 1307 2656 infe-

249 2698 410 2793 stiusque
429 2695 598 2768 adversus
618 2698 730 2783 duos,
754 2722 864 2794 quam
883 2714 965 2769 ante
982 2698 1151 2768 adversus
1172 2721 1307 2783 unum,

249 2821 389 2904 pararet
402 2806 548 2877 bellum.
560 2811 718 2904 Cyprum
734 2808 915 2904 extemplo
930 2807 1076 2878 classem
1091 2806 1202 2875 misit:
1217 2806 1307 2901 ipse,

249 2919 368 3014 primo
387 2942 470 2988 vere
488 2941 572 2987 cum
588 2919 746 2987 exercitu
760 2921 951 3014 AEgyptum
966 2929 1111 3014 petens,
1128 2917 1166 2985 in
1185 2917 1307 2986 Coelen

247 3160 312 3196 recte
338 3155 374 3218 τῷ
394 3149 452 3195 dum
471 3149 497 3195 in
520 3148 630 3196 oratioue
658 3148 756 3211 obliqua
801 3147 855 3194 Nili
862 3149 952 3208 situm,
965 3157 1029 3194 recte
1038 3148 1072 3194 its
1083 3145 1307 3208 dicitur,quonism

250 3229 433 3292 conjunctivum
444 3227 558 3292 subjungi
571 3239 697 3276 amoverat.
711 3229 755 3276 Eo.
800 3237 863 3274 terra
882 3227 1002 3276 exereitus
1015 3226 1046 3274 ab
1063 3225 1109 3274 bae
1129 3235 1223 3272 tautum
1241 3235 1307 3288 perte

248 3335 283 3342 -
299 3308 408 3364 Mittere,
427 3306 479 3355 scil.
497 3306 578 3354 literas
597 3308 636 3353 vel
650 3306 755 3369 legatos,
801 3321 832 3351 cx
844 3305 930 3352 Judaea
945 3317 970 3352 et
986 3303 1075 3351 Arabia
1091 3303 1259 3366 inAEgyptum
1272 3301 1307 3348 in·

248 3385 367 3448 quidese
380 3386 534 3434 Alexandriae
550 3385 692 3450 recipiendo
701 3401 756 3432 eom
801 3381 859 3430 duci
870 3395 965 3446 potest,
977 3381 1104 3445 etreliqua
1115 3382 1168 3443 ejus
1180 3383 1307 3444 parsiuter

247 3479 343 3521 sorore,
355 3465 428 3512 fratre
442 3475 466 3512 et
484 3465 534 3524 ejus
549 3464 633 3512 amicis
647 3475 754 3526 agerenn
800 3476 865 3510 marc
876 3472 899 3508 ct
913 3459 1119 3526 septemtrionales
1129 3459 1197 3506 sinus
1211 3457 1307 3506 Arabici

247 3544 281 3591 sic
291 3544 381 3607 passim
391 3541 532 3606 simpliciter
541 3541 635 3590 mittere
639 3561 649 3599 ,·
661 3541 716 3590 vide
725 3541 757 3589 ad
800 3556 854 3588 oras
868 3540 933 3588 invia
946 3551 982 3588 est
993 3550 1095 3602 propter
1104 3539 1198 3586 deserta
1208 3552 1307 3584 arenosa

249 3624 429 3683 xxm-29,
439 3637 467 3670 u.
480 3622 503 3668 5.
515 3624 560 3670 Eu.
800 3629 825 3666 et
842 3635 910 3681 aquae
925 3618 1043 3682 inopiam.
1058 3617 1130 3668 Ceut
1142 3616 1220 3664 Strab.
1229 3616 1306 3673 XVI,

282 3717 306 3750 a.
331 3694 445 3748 Validam
468 3701 577 3748 relictum
600 3711 654 3746 erat
671 3699 755 3762 prasi·
798 3699 1115 3761 pag.760,etXV11‚pug.
1129 3693 1307 3753 803;Micbae-

247 3780 325 3835 dium,
345 3779 496 3828 commodius
514 3778 663 3841 reliquerat,¹
676 3780 753 3826 Gron.
798 3775 828 3824 lis
838 3777 953 3841 Spicileg.
963 3777 1053 3838 Geogr.
1063 3773 1139 3822 Hebr.
1148 3790 1175 3836 p.
1185 3775 1219 3832 11,
1228 3789 1255 3836 p.
1267 3773 1307 3819 32·

247 3884 281 3894 —
293 3857 405 3906 Claustra
414 3858 515 3922 AEgypei
524 3857 534 3920 (
542 3856 598 3904 vide
609 3856 641 3903 ad
652 3858 702 3914 nt,
713 3855 755 3916 32,
800 3861 831 3910 42
841 3871 849 3915 ;
859 3855 983 3918 Supplem.
993 3853 1024 3902 ad
1034 3855 1092 3900 Lex.
1102 3852 1179 3899 Hebe.
1189 3868 1216 3915 p.
1228 3858 1306 3909 174¹?

247 3953 273 3983 n.
293 3935 334 3998 1),
343 3936 433 3992 teneri,
445 3948 481 3992 ut,
490 3951 563 3999 quum
573 3935 661 3990 vellet,
674 3950 754 3982 rursus
798 3926 862 3980 Plut.
872 3935 964 3980 Anton.
980 3947 1020 3995 pr.
1034 3942 1058 3978 et
1070 3928 1113 3976 fin.

247 4013 382 4062 exercitum
403 4015 541 4060 induceret:
560 4029 615 4059 nam
637 4012 754 4059 Pelusium
837 4013 860 4059 3.
870 4011 1008 4060 deducendi
1017 4010 1166 4074 ejuscausa,
1183 4024 1216 4056 sc.
1229 4005 1306 4056 Ptole-

247 4108 307 4156 opp.
324 4092 438 4156 AEgypti,
452 4091 487 4138 ad
501 4090 650 4138 Pelusiacum
669 4090 755 4140 ostium
800 4092 853 4138 miei
866 4090 972 4150 majoris.
