2984 4706
245 344 313 426 ιιι
675 343 712 407 r.
740 343 872 408 nvn
1149 326 1277 431 stat.

242 463 312 533 bus
329 463 531 553 curantium
549 461 728 557 elapsum,
748 462 785 529 in
803 459 1009 533 ulteriorem
1031 463 1146 558 ripam
1165 459 1304 558 effugit.

243 571 352 661 Quod
375 564 487 665 quum
513 593 578 666 per
601 591 755 666 aquam,
781 569 894 640 ferme
921 595 1015 666 genu
1044 587 1150 642 tenus
1174 573 1306 658 altam,

241 697 313 751 tres
338 681 467 752 milites
489 695 748 775 sequerentur,
765 681 922 750 ¹Thraces
949 679 1022 750 ‘duo
1043 681 1080 750 id
1096 683 1307 776 jumentum

242 817 286 862 ex
300 790 420 861 medio
432 791 534 860 alveo
547 791 583 858 in
595 811 697 886 suam
706 792 820 886 ripam
835 790 1035 876 traherent,
1049 791 1161 861 altero
1174 812 1307 862 eorum

242 903 378 984 occiso,
395 915 617 996 receptoque
632 925 675 969 eo
688 901 871 994 jumento,
887 899 932 969 ad
950 903 1137 971 stationem
1154 924 1306 972 suorum

242 1035 279 1081 se
305 1008 535 1106 recipiebant.
567 1011 864 1104 octingentorum
891 1009 1070 1080 Thracum
1098 1011 1305 1106 praesidium

242 1121 278 1190 in
298 1120 455 1190 hostium
473 1119 552 1215 ripa
570 1133 654 1188 erat.
678 1123 730 1187 Ex
747 1118 802 1190 his
819 1122 924 1216 pauci
939 1121 1078 1216 primo,
1096 1128 1187 1216 aeg're
1210 1123 1307 1218 passi

242 1227 453 1326 popularem
479 1229 517 1296 in
538 1250 604 1298 suo
629 1243 824 1324 conspectu
843 1251 994 1318 caesum,
1019 1228 1064 1299 ad
1086 1249 1306 1326 persequen-

242 1339 307 1408 dos
315 1335 562 1408 interfectores
572 1336 723 1406 fluvium
736 1342 942 1434 transgressi
953 1354 1053 1426 sunt3
1068 1339 1151 1410 dein
1166 1338 1305 1436 plures,

242 1463 428 1544 postremo
445 1468 589 1530 omnes,
608 1462 644 1515 et
660 1467 742 1515 cum
757 1446 942 1543 praesidio,
963 1456 1072 1544 [quod
1090 1481 1106 1519 a
1130 1471 1220 1544 parte
1237 1459 1305 1519 Ro-

244 1579 414 1620 manorum
439 1555 542 1642 ripam
568 1553 774 1637 defendebat,
791 1571 925 1619 manum
942 1573 1128 1620 conserunt.
1151 1559 1227 1622 Non
1247 1557 1305 1620 de-

242 1673 319 1720 sunt
335 1672 501 1734 auctores,
514 1657 570 1742 qui
587 1656 687 1742 ipsius
705 1657 804 1720 Paulli
813 1657 906 1737 jussu
919 1680 1040 1744 equum
1055 1658 1199 1722 detrecto
1210 1658 1305 1722 freno

243 1757 419 1844 impulsum
455 1755 595 1818 scribant
621 1757 654 1818 in
679 1757 830 1820 hostilem
855 1759 975 1845 ripam,
1004 1759 1219 1846 emissosque,
1247 1760 1305 1846 qui

242 1843 461 1936 retraherent]
474 1873 510 1918 ut
530 1857 638 1920 hostes
656 1879 798 1945 pugnarn
815 1858 938 1944 priores
955 1859 1158 1923 lacesserent.
1174 1859 1305 1922 Etenim

244 1980 346 2044 quum
362 1957 475 2046 viginti
491 1958 577 2020 caesis
596 1957 708 2020 hostiis
728 1959 853 2021 litatum
873 1982 939 2021 non
961 1975 1060 2039 esset,
1084 1959 1214 2023 tandem
1232 1959 1303 2022 laeta

242 2057 402 2146 vigesimae
414 2056 524 2144 primae
538 2075 608 2119 exta
616 2057 801 2144 haruspices
811 2059 1083 2140 renuntiaverant,
1095 2077 1141 2140 ut,
1150 2059 1304 2122 Romanis

245 2181 311 2219 non
331 2157 577 2237 lacessentibus,
595 2155 652 2220 sed
671 2157 919 2221 defendentibus
938 2181 1024 2239 sese,
1042 2159 1207 2220 victoriam
1227 2181 1305 2244 pro·

242 2259 416 2321 mitterent.
435 2261 611 2332 Caeterum,
627 2258 693 2320 sive
708 2259 842 2322 consilio
861 2259 973 2340 ducis,
989 2261 1054 2322 sive
1072 2281 1165 2339 casu,
1184 2259 1224 2320 ab
1241 2258 1305 2320 hoc

244 2374 328 2421 certe
346 2359 441 2421 initio
459 2357 627 2421 commissa
642 2378 768 2446 pugna,
788 2360 854 2422 aliis
871 2382 968 2446 super
983 2358 1059 2421 alios
1077 2358 1115 2420 ad
1135 2357 1303 2421 ferendam

242 2459 307 2522 suis
322 2481 418 2545 opem
433 2459 597 2545 utrimque
615 2457 854 2540 advolantibus,
872 2461 961 2523 brevi
980 2460 1024 2522 ita
1038 2476 1169 2522 accensa
1188 2476 1235 2522 est
1245 2509 1253 2540 ,
1265 2473 1304 2520 'ut

242 2557 341 2651 duces
357 2575 550 2647 cogerentur
566 2557 760 2623 descendere
778 2561 811 2622 in
830 2561 1015 2623 universum
1029 2577 1163 2622 summae
1179 2560 1225 2621 rei
1242 2557 1304 2621 dis-

243 2656 375 2723 crimen.
402 2659 554 2723 AEmilius
578 2661 683 2740 enim,
709 2663 853 2724 tumultu
880 2659 1144 2725 concurrentium
1177 2658 1302 2740 audito,

244 2761 392 2849 praetorio
410 2783 575 2848 egressus,
587 2775 760 2846 postquam
773 2779 893 2824 caecum
911 2762 1075 2823 ruentium
1090 2761 1130 2823 ad
1142 2783 1230 2822 arma
1243 2760 1303 2821 im-

244 2878 358 2949 petum
375 2883 525 2924 revocare
540 2877 595 2923 aut
613 2862 722 2924 sistere
741 2884 801 2924 nec
818 2861 908 2924 facile
927 2883 987 2925 nec
1004 2876 1110 2923 tutum
1127 2859 1303 2940 videbatur,

244 2960 403 3024 utendum
422 2961 537 3024 ardore
555 2962 714 3043 militum,
732 2979 763 3024 et
779 2983 888 3025 casum
908 2964 941 3024 in
961 2962 1163 3026 occasionem
1177 2977 1302 3025 verten-

248 3065 327 3128 dum
341 3063 472 3152 putarit.
490 3060 609 3124 Educit
624 3063 731 3150 itaque
749 3064 855 3150 copias
874 3063 1003 3138 castris,
1018 3078 1049 3124 et
1066 3059 1195 3124 ordines
1211 3062 1304 3123 inter-

251 3166 397 3253 equitans
428 3163 595 3244 hortatur‚
615 3179 652 3226 ut
678 3165 848 3250 expetitam
876 3180 1043 3250 tantopere
1071 3185 1213 3251 pugnam
1239 3161 1303 3248 pari

247 3266 361 3330 ardore
378 3279 587 3352 capesserent.
612 3264 713 3328 Simul
734 3263 848 3328 Nasica
870 3264 1051 3352 praemissus
1077 3261 1118 3324 ad
1139 3263 1303 3348 exploran-

227 3497 232 3506 ,
250 3450 319 3506 absi<
332 3442 363 3496 dl
378 3447 420 3502 ris
434 3445 558 3495 ἀπόκλισιν
572 3435 613 3494 ani
627 3443 753 3512 περιφορὰν
793 3443 932 3508 jumentum
944 3441 1082 3489 inducenda
1093 3457 1139 3504 pro
1151 3441 1303 3488 ecboliooen·

251 3527 376 3596 ἀναμένων
393 3529 435 3575 τοῦ
449 3528 543 3590 φωτὸς,
558 3521 623 3582 ὅπως
640 3522 673 3591 μὴ
688 3521 754 3574 κατὰ
798 3523 856 3568 suit.
867 3549 902 3557 —
915 3523 938 3566 E
949 3519 1060 3567 inanibus
1072 3517 1211 3569 curantium
1221 3520 1304 3566 Roma·

191 3620 194 3624 ’
247 3605 379 3674 προσώπου
394 3603 539 3672 μαχομένοις
555 3603 636 3660 αὐτοῖς
654 3602 723 3654 ἔωθεν
743 3605 753 3653 ὁ
798 3615 886 3648 norum
899 3599 1135 3646 auxiliariumve.—
1146 3596 1202 3643 Tres
1222 3597 1303 3643 milites

249 3684 312 3744 ἥλιος
339 3681 501 3748 ἀντιλάμποι,
524 3685 618 3749 παρῆγε
637 3681 678 3731 τὸν
701 3680 755 3748 χρᾷ-
799 3673 1303 3726 romani...T}rracesduomacerlonicoruu

248 3775 309 3826 retr,
326 3775 351 3812 et
370 3781 430 3812 mox
449 3755 549 3828 trepidi
568 3754 659 3813 dcitur.
682 3763 756 3810 Deni-
799 3757 945 3805 taxillorum
963 3771 995 3803 ea
1011 3754 1090 3804 medio
1110 3755 1177 3823 qlreo
1196 3753 1304 3800 insuam

252 3858 313 3907 qne:
323 3839 422 3899 ἑννάτιις
433 3837 480 3908 γὰρ
492 3838 554 3907 ὧρας
564 3837 693 3906 ἀρξάμενοι
706 3837 754 3905 prl-
798 3836 876 3898 ripam
890 3833 1025 3890 traherent,
1045 3834 1124 3881 altero
1139 3848 1221 3880 eorum
1233 3833 1305 3880 Thra·

249 3924 348 3986 χισθιιι,
361 3920 407 3988 πρὸ
419 3914 526 3975 δεκάτης
540 3916 667 3980 ἐνίκησαν,
677 3917 754 3963 Gron.
799 3929 879 3961 eum..
896 3913 933 3960 ad
949 3909 1082 3960 trudonem*
1097 3927 1194 3959 suoram
1208 3927 1233 3958 sc
1250 3910 1305 3958 reci·

250 3999 318 4045 ldem
335 4011 393 4045 mox
413 3996 536 4043 craterem
554 4005 631 4050 recte,
650 3995 753 4058 opinor,
795 3991 898 4053 piabant
917 3991 1010 4038 tresilli
1026 3991 1115 4038 milites
1132 3990 1233 4040 romani.
1247 3991 1304 4054 Quae

250 4076 358 4141 reposuit
376 4091 422 4138 pro
441 4071 574 4129 trabentes,
592 4083 617 4118 et
637 4071 710 4118 verba
731 4070 758 4117 id
784 4069 938 4137 ‘omniumr
947 4069 1043 4118 monuit
1056 4055 1149 4116 Grons
