2966 4708
262 381 334 472 492
664 339 914 454 tritonis

261 495 369 568 rebus
380 521 550 596 prospere
566 505 687 596 gestis,
698 502 858 600 fusisque
871 505 1060 600 aliquoties
1074 512 1217 598 Marsis,
1233 511 1319 582 dum

261 621 373 680 castra
392 631 518 680 eorum
539 629 740 708 expugnat,
765 615 902 688 cecidit.
929 621 979 686 Ea
1002 642 1059 688 res
1084 617 1248 712 hostibus
1268 624 1318 692 vi-

261 718 409 790 ctoriam
440 719 518 813 ejus
548 723 658 816 praelii
683 723 792 795 dedit.
823 727 1047 798 Cosconiusl
1086 743 1122 799 et
1148 734 1320 803 Lucceius

261 829 434 900 Samnites
448 830 522 903 acie
540 833 719 920 vicerunt,
742 836 894 907 Marium
912 837 1124 932 Egnatium,
1142 837 1319 913 nobilissi-

261 959 360 1004 mum
368 936 1188 1044 bostiumducom‚occideruut‚compluraque
1195 975 1319 1022 eorum

261 1045 393 1142 oppida
415 1047 454 1116 in
478 1047 697 1122 deditionem
724 1069 950 1151 acceperunt.
973 1059 1012 1127 L.
1035 1057 1132 1128 Sulla
1153 1060 1320 1156 Hirpinos

261 1155 421 1244 domuit,
440 1160 616 1232 Samnites
632 1163 753 1234 multis
774 1165 909 1261 praeliis
923 1163 1033 1252 fudit,
1052 1164 1190 1263 aliquot
1207 1194 1320 1268 popu·

260 1265 313 1335 los
329 1269 484 1364 recepit;
498 1272 715 1368 quantisque
732 1299 815 1343 raro
832 1276 1023 1372 quisquam
1037 1277 1127 1352 alius
1141 1294 1223 1350 ante
1237 1304 1319 1350 con·

261 1375 414 1446 sulatum
439 1378 547 1449 rebus
572 1385 697 1476 gestis,
722 1383 767 1453 ad
792 1387 1002 1482 petitionem
1025 1387 1231 1460 consulatus
1253 1396 1322 1462 Ro·

260 1510 354 1561 mam
373 1503 425 1558 est
445 1486 638 1586 profectus.

488 1713 719 1788 EPITOME
745 1716 886 1784 LIBRI
917 1711 1092 1794 LXXVI.

309 1897 350 1960 A.
371 1890 546 1964 Gabinius
564 1895 722 1992 legatus,
748 1895 854 1967 rebus
876 1896 1044 1978 adversus
1062 1901 1229 1970 Lucanos
1242 1921 1320 1996 pro

261 2025 363 2097 spere
377 2003 500 2098 gestis,
522 2017 557 2073 et
576 2005 740 2100 plurimis
759 2007 902 2104 oppidis
921 2009 1157 2105 expugnatis,
1177 2010 1214 2078 in
1232 2007 1321 2078 obsi-

263 2109 371 2182 dione
388 2127 586 2192 castrorum
598 2113 783 2190 hostilium
795 2116 923 2192 cecidit
935 2129 957 2186 ¹.
972 2117 1171 2215 Sulpicius²
1188 2117 1321 2214 legatus

261 2220 484 2290 Marrucinos
507 2223 653 2310 cecidit,
671 2238 857 2321 totamque
876 2251 955 2299 eam
972 2227 1156 2322 regionem
1176 2227 1318 2324 recepit.

262 2330 325 2397 Cn.
353 2332 546 2426 Pompeius
569 2336 765 2430 proconsul
782 2339 948 2412 Vestinos
972 2351 1008 2410 et
1025 2335 1188 2437 Pelignos
1206 2338 1243 2405 in
1264 2334 1321 2404 de·

261 2439 433 2516 ditionem
453 2443 601 2538 accepit.
619 2445 728 2517 Marsi
744 2471 912 2544 quoque,
932 2449 1007 2516 aL.
1029 2450 1181 2520 Murena
1199 2459 1235 2516 et
1251 2447 1321 2518 Cae.-

262 2549 343 2620 cilio
364 2547 497 2621 linna³
518 2552 641 2649 legatis
662 2555 799 2652 aliquot
820 2556 950 2653 praeliis
970 2554 1091 2642 fracti,
1113 2579 1238 2653 pacem
1259 2579 1321 2658 pe·

261 2661 405 2736 tierunt.
430 2662 602 2734 Asculum
627 2688 647 2733 a
669 2669 734 2736 Cn.
758 2669 930 2764 Pompeio
950 2681 1094 2763 captum
1113 2668 1203 2749 esti,
1227 2665 1322 2736 caesis

298 2872 322 2919 4.
331 2867 358 2914 (¹-
371 2863 500 2912 Coscoeu'us
508 2876 600 2928 prator
609 2881 632 2914 a.
643 2865 704 2915 Urb.
715 2867 766 2920 664
813 2866 906 2917 divorsa
920 2867 1027 2920 narratio
1041 2867 1121 2928 Furi,
1132 2869 1184 2926 111,
1201 2869 1231 2916 18
1240 2864 1272 2929 ,S
1284 2867 1322 2914 13.

263 2953 287 2988 et
298 2945 326 2990 1..
342 2941 482 2992 Lucceius..
495 2945 602 2994 Marium
615 2944 766 3008 Eburonum,
848 2961 872 2992 a.
882 2948 935 2994 Ser.
947 2945 1066 3009 dubricius
1075 2948 1183 3011 lagatus,
1194 2957 1242 2994 etc.
1254 2945 1321 2994 conl.

263 3023 389 3071 etnicouf.
404 3022 509 3086 Appirn.
528 3024 589 3072 bell.
607 3024 661 3072 Cir.
674 3026 704 3082 1,
720 3032 768 3081 to,
812 3025 844 3078 ad
857 3025 923 3088 Epit.
936 3027 1044 3075 mm
1053 3042 1060 3082 3
1070 3027 1138 3074 (bos.
1153 3025 1170 3078 l.
1188 3025 1320 3088 [Appiam

264 3101 311 3160 4⁵,
321 3102 366 3159 52,
382 3101 414 3150 ad
431 3119 485 3164 qum
497 3103 551 3150 loca
564 3102 615 3152 vid.
633 3103 768 3167 Schweigu
812 3104 872 3156 Bait
883 3105 937 3154 clv.
947 3106 974 3162 1,
985 3104 1181 3163 &Mouet-ba
1191 3104 1237 3152 Cn.
1248 3107 1320 3150 Pom·

262 3181 394 3240 Lucceius,
414 3184 440 3230 m'
460 3181 543 3239 fallor,
563 3193 599 3230 cst
617 3182 701 3242 illm
718 3199 769 3245 <pro
808 3183 904 3246 pctus...
918 3183 1109 3247 acceptatum
1120 3199 1135 3230 a
1147 3185 1192 3235 MS
1204 3185 1273 3246 Berg.
1285 3197 1320 3230 re·

263 3261 349 3309 Cicero
359 3263 513 3310 consulatum
521 3277 591 3310 sunm
603 3262 677 3310 scribi
688 3263 769 3325 cupie-
812 3263 888 3325 petita
902 3263 966 3315 sorte
978 3279 1010 3310 cx
1020 3263 1086 3326 Epit.
1099 3277 1172 3326 praec.
1182 3262 1321 3326 receptus

263 3339 318 3402 hat,
337 3341 427 3404 quique
441 3341 566 3388 hiuorim
582 3340 640 3388 belli
649 3341 727 3390 Italici
745 3353 770 3390 et
812 3341 906 3393 Bocnd.
917 3357 1002 3390 vuum
1014 3341 1041 3391 id
1053 3342 1155 3392 verbum
1169 3341 1244 3389 modo
1257 3355 1320 3405 pru·

264 3419 348 3467 Civilis
361 3421 500 3484 composuit
511 3419 581 3486 (vid.
594 3421 645 3470 Cic.
661 3420 692 3468 ad
710 3421 768 3472 Diu
813 3422 896 3480 nomin
911 3420 987 3472 Drak.

264 3499 297 3556 V,
316 3515 360 3557 ro,
376 3515 405 3547 ra
417 3500 435 3565 ).
453 3501 515 3562 Quae
528 3498 591 3547 sind
613 3509 708 3548 aetatem
724 3515 770 3548 no·
850 3500 874 3547 3.
885 3504 909 3548 A
918 3503 947 3548 L.
961 3503 1063 3548 Murena
1076 3511 1099 3546 et
1116 3497 1318 3553 catillarum,

264 3589 338 3626 stram
350 3579 512 3642 pervenisset,
525 3577 652 3628 historiam
662 3577 721 3626 belli
729 3595 771 3628 so-
815 3580 878 3630 lone
890 3580 949 3637 Pio,
961 3591 988 3630 ut
1000 3579 1031 3628 sit
1041 3581 1075 3642 Q.
1087 3579 1200 3628 Caecilius
1210 3578 1319 3626 Metellus

264 3656 347 3714 dalis,
358 3659 390 3706 ab
400 3658 552 3715 auctoribus,
564 3673 669 3722 qnorum
681 3658 771 3722 scripta
815 3658 887 3716 Pius;
901 3660 978 3708 biron.
993 3658 1025 3708 td
1040 3657 1167 3723 probabile
1179 3658 1211 3706 sit
1224 3674 1255 3706 ox
1264 3655 1320 3704 Vel-

264 3749 405 3800 supernrnt‚
423 3737 556 3786 admodum
573 3739 670 3786 concire
692 3749 717 3786 ct
733 3754 772 3784 ue
815 3736 928 3798 leio,11,
944 3738 987 3796 πᾶς
998 3737 1105 3802 Appiani
1117 3737 1177 3786 Bell.
1188 3736 1321 3795 cinnas,

264 3817 381 3878 quamtis
398 3818 505 3867 dilucida
517 3833 596 3882 neque
614 3828 672 3881 apto
685 3818 772 3870 ordine
817 3817 858 3873 53,
882 3817 929 3874 68,
950 3817 996 3874 to,
1018 3816 1126 3886 ctul'lut.
1149 3819 1211 3865 Mar.
1226 3843 1260 3852 --
1277 3813 1319 3862 Pio

265 3897 413 3958 expositam,
423 3901 550 3962 pauciores
558 3909 694 3962 premerem
705 3896 771 3946 diffi·
814 3894 912 3942 edidere
923 3895 1007 3958 Sigon.
1017 3905 1041 3941 ct
1051 3895 1121 3942 Crev.
1133 3897 1178 3942 En.

265 3974 373 4021 cultatea.
851 3982 873 4029 1,.
886 3973 1001 4023 Asculum
1010 3991 1029 4020 u
1041 3973 1084 4023 Cn.
1099 3973 1213 4038 Pompeio
1225 3971 1320 4022 simbo-

300 4054 367 4100 Eur.
376 4054 488 4100 LXXVI.
502 4069 523 4100 1.
536 4057 565 4100 A.
578 4055 697 4103 Gabinius
706 4057 771 4121 Ioga-
814 4071 845 4102 ne
870 4065 969 4117 capuam
988 4065 1038 4109 est,
1060 4065 1106 4102 otc.
1126 4056 1191 4102 conl.
1216 4052 1318 4116 appia

267 4144 329 4182 ens...
347 4128 449 4184 saridim·
469 4132 534 4180 roni.
553 4133 623 4181 Oros.
635 4136 668 4191 V,
681 4137 727 4193 18,
744 4145 770 4182 ct
815 4133 875 4182 nell.
888 4134 942 4182 Cir.
953 4135 978 4192 t,
991 4141 1021 4193 47
1033 4167 1040 4191 ,
1052 4135 1094 4186 48.
