2966 4708
277 328 345 402 512
687 333 939 402 EPITOMAE

274 450 481 548 militiaeque
495 449 634 524 artibus
649 450 806 550 perluit.
826 456 929 544 Quos
943 454 1050 525 etiam
1060 475 1075 540 ,'
1089 451 1135 524 ab
1150 452 1340 528 obsidione

274 562 474 659 Calagurris
487 559 641 662 oppidi⁵
655 561 845 661 depulsos,
869 565 988 662 coegit
1003 563 1162 636 diversas
1176 569 1340 664 regiones

273 685 414 770 petere,
437 672 623 745 Metellum
644 673 854 746 ulteriorem
876 676 1103 773 Hispaniam,
1128 679 1338 775 Pompeium

273 781 435 855 Galliam.

521 942 749 1011 ΕΡΙΤΟΜΕ
777 943 919 1010 LIBRI
948 941 1087 1010 XCIV.

312 1117 351 1184 L.
368 1113 526 1185 Licinius
545 1112 716 1214 Lucullus
738 1113 866 1185 consul
884 1112 1075 1185 adversus1
1092 1112 1336 1185 Mithridatem

270 1224 498 1322 equestribus
516 1224 647 1322 praeliis
663 1222 815 1296 feliciter
834 1225 1023 1323 pugnavit,
1038 1238 1074 1294 et
1089 1223 1336 1321 expeditiones

269 1335 407 1434 aliquot
426 1358 617 1433 prosperas
631 1332 735 1421 fecit,
751 1348 1014 1431 poscentesque
1031 1357 1191 1430 pugnam
1205 1334 1335 1408 milites

268 1471 289 1516 a
311 1446 488 1518 seditione
511 1444 681 1515 inhibuit.
709 1443 922 1539 Dejotarus,
945 1442 1186 1538 Gallograeciae
1207 1457 1333 1514 tetrar-

266 1555 388 1644 chese,
407 1554 597 1654 praefectos
611 1553 848 1641 Mithridatis,
873 1552 1012 1624 bellum
1031 1553 1069 1621 in
1092 1551 1245 1648 Phrygia
1261 1547 1334 1623 mo

267 1659 408 1753 ventes,
423 1664 561 1738 cecidit.
582 1668 758 1736 Praeterea
770 1689 828 1736 res
843 1689 865 1735 a
883 1667 949 1736 Cu.
965 1663 1138 1761 Pompeio
1156 1663 1194 1732 in
1205 1664 1331 1760 Hispa-

265 1775 325 1846 nia
338 1791 466 1848 contra
481 1775 681 1848 Sertorium
695 1797 867 1873 prospere
881 1788 998 1870 gestas
1014 1775 1186 1846 continet.

518 1986 747 2056 ΕΡΙΤΟΜΕ
778 1984 920 2052 LIBRI
952 1984 1067 2053 XCV.

312 2168 351 2236 C.
374 2166 484 2235 Curio
506 2162 703 2261 proconsul
723 2161 910 2234 Dardanos
928 2161 967 2230 in
985 2160 1155 2233 Thracia¹
1176 2163 1322 2234 domuit.

262 2356 342 2406 uicem
360 2368 385 2406 et
404 2372 442 2405 res
459 2357 568 2422 pendent
584 2373 598 2404 a
615 2357 692 2406 verbo
710 2353 774 2421 refe·
836 2357 1022 2405 amicost.
1035 2355 1207 2406 1.L.Liciuius
1214 2360 1323 2408 Lucullus

263 2448 350 2486 runtur
366 2446 409 2485 sut
428 2435 514 2493 simili,
528 2434 596 2500 quod
609 2434 773 2500 supplendum
818 2435 905 2483 consul
912 2451 952 2484 sn.
966 2434 1027 2484 Urh.
1039 2435 1091 2499 679
1103 2452 1159 2484 cum
1171 2437 1242 2486 Cotta
1252 2438 1322 2503 (vide

263 2525 314 2574 cett
331 2524 360 2563 ut
380 2512 466 2563 curteio
484 2515 535 2580 ejus
553 2515 618 2562 bona
631 2514 696 2578 Epit.
713 2513 773 2562 Cet
817 2513 849 2562 etl
859 2515 923 2580 Epit.
937 2514 1036 2574 xcm,
1059 2513 1094 2580 4)
1105 2517 1322 2566 adversaremur·-

263 2594 318 2643 elie.
332 2594 446 2660 Sigonius
457 2604 483 2643 et
494 2592 583 2643 deinde
595 2593 683 2658 reliqui
696 2593 771 2644 edito·
815 2593 915 2651 dotem,
935 2605 982 2642 etc.
1002 2595 1067 2643 conl.
1088 2595 1197 2660 Appien.
1213 2597 1321 2646 Mithrid.

262 2690 300 2722 res
321 2685 379 2739 post
397 2671 531 2721 Sertorium
550 2673 673 2722 inseruere
689 2685 771 2740 gestas
815 2672 858 2732 33,
871 2674 914 2731 51,
928 2673 974 2732 56,
995 2690 1087 2738 7a·9o,
1104 2686 1128 2722 et
1139 2676 1281 2724 Plutarchus
1294 2678 1319 2724 in

261 2753 380 2811 eontinet,
391 2768 446 2817 qnoe
460 2753 522 2801 ratio
534 2752 620 2802 dunler
629 2765 666 2802 est
677 2764 703 2801 et
716 2768 770 2801 sce·
813 2752 925 2800 Lucullo.

260 2832 365 2882 brIorem
379 2831 456 2882 efficit
471 2831 770 2882 oudonem—Omnibus
850 2846 875 2877 2.
891 2831 1034 2897 Dejotarus,
1056 2833 1226 2898 Gallogroecioe
1238 2846 1321 2882 tetrar-

261 2912 318 2960 belli
329 2911 469 2975 militiaeque
485 2911 593 2968 artibus,
615 2911 677 2958 sorte
689 2911 771 2976 legen·
815 2908 885 2968 clses,
899 2921 944 2960 stc.
960 2911 1025 2961 conf.
1037 2913 1144 2976 Appian.
1157 2913 1269 2963 Mithrid.
1280 2915 1320 2980 75.

260 2990 319 3038 dnm
332 3007 354 3040 o.
367 2989 434 3038 bellis
454 2988 525 3054 (quae
544 3006 600 3038 cum
616 2989 735 3053 Pompeio
747 2999 771 3036 et
814 2988 960 3052 Gallograeci
977 2990 1112 3054 antiquitus
1132 2991 1274 3041 constabant
1292 3010 1320 3041 ex

259 3068 361 3118 Metello
371 3066 453 3133 gessit)
464 3068 557 3116 militiae
565 3085 590 3116 a.
595 3084 648 3131 par
648 3067 704 3133 fisis
710 3067 758 3115 illis
761 3081 769 3128 ς
814 3066 891 3114 tribus
902 3067 1004 3115 diversis
1013 3068 1113 3132 populis
1123 3103 1131 3128 ,
1146 3085 1249 3133 quornm
1258 3073 1320 3134 qnis-

258 3148 332 3197 urat.
346 3149 420 3204 Belli,
439 3147 533 3196 militien
546 3146 638 3196 Boentl.
659 3143 706 3196 Sed
719 3162 770 3195 non
814 3161 862 3215 que
885 3145 977 3193 divisus
996 3157 1049 3195 eret
1068 3148 1095 3195 in
1119 3159 1225 3211 quatuor
1242 3161 1320 3199 tetrar-

258 3237 294 3276 est
306 3228 400 3287 forsan,
419 3226 490 3290 quod
501 3227 655 3292 pleonasmus
667 3227 708 3274 ille
721 3227 770 3276 dis·
814 3221 893 3284 chIes‚
905 3225 939 3274 ita
947 3235 975 3272 ut
983 3227 1103 3275 universa
1112 3229 1178 3291 genti
1185 3231 1319 3293 praefuerint

256 3307 352 3371 plicent.
813 3306 868 3352 XII
886 3305 1025 3364 tetrarcha,
1044 3306 1086 3370 qui
1106 3305 1196 3354 deinde
1211 3309 1242 3357 ed
1260 3321 1318 3368 tres,

292 3385 316 3434 t.
338 3385 378 3432 Ab
395 3383 519 3434 obsidione
534 3383 673 3449 Calagurris
697 3383 768 3450 (vide
812 3394 897 3448 postea
915 3383 946 3431 ed
967 3382 1029 3432 dnos
1047 3383 1140 3433 redacti
1161 3400 1231 3448 sunt,
1243 3389 1318 3438 donec

256 3463 493 3523 adhinxxxlx,
509 3479 557 3523 ar,
576 3480 601 3511 n.
618 3461 650 3527 3)
668 3463 765 3529 oppidi,
812 3463 911 3512 tandem
930 3479 994 3511 nnus
1015 3465 1146 3525 Deiotarus
1169 3469 1198 3514 iis
1219 3485 1318 3534 preesse

256 3555 302 3594 etc.
322 3545 389 3595 conl.
402 3545 508 3610 Appian.
522 3543 581 3592 Bell.
593 3543 645 3592 Cir.
656 3544 681 3602 1,
699 3559 747 3591 112
758 3561 766 3605 ;
810 3545 944 3610 inceperit3
957 3545 1081 3595 Drakenb.
1090 3548 1148 3596 vid.
1163 3548 1240 3600 strab.
1251 3553 1316 3608 ΧΠ,

256 3623 319 3672 Plnt.
333 3624 393 3673 Sert.
406 3640 431 3688 p.
445 3623 511 3686 579,
521 3621 581 3671 Bell.
594 3622 693 3671 Civ.-
707 3623 766 3672 Coe·
812 3625 877 3684 5663
886 3625 993 3690 Appian.
1008 3626 1120 3674 MithrId
1134 3638 1198 3689 114;
1211 3631 1262 3680 Cic.
1269 3645 1315 3694 pro

252 3701 291 3766 git
305 3700 411 3748 diversas
429 3701 538 3768 agiones
550 3711 637 3765 petere
646 3717 766 3750 commea·
809 3705 892 3765 Dejot.
904 3716 929 3752 et
943 3707 1002 3753 Ern.
1018 3705 1085 3753 Clav.
1097 3707 1148 3755 Cic.
1173 3735 1207 3745 —-
1230 3707 1315 3773 Profe·

256 3790 308 3827 tum
332 3779 519 3828 intercludendo
539 3779 584 3838 iis,
610 3780 764 3840 insidiando,
809 3781 1090 3839 ctosMitlsridatis,·boo
1098 3783 1200 3834 debetur
1210 3787 1313 3852 sigonio.

254 3858 483 3916 circumveniendo,
498 3858 730 3910 circumcursitendo
740 3871 764 3908 et
807 3859 886 3910 Antea
896 3861 1021 3926 legebatur
1026 3861 1175 3927 prefectus,
1193 3878 1274 3914 contra
1287 3863 1314 3911 fi-

255 3937 326 3986 litors
339 3937 475 3988 obsidendo
489 3939 591 4003 navigiis
601 3939 761 4004 praedatoriis.
808 3940 863 3988 dem
875 3939 991 3988 historiae.
1004 3942 1048 3989 En.

254 4019 291 4064 Ita
300 4015 363 4064 Plnt.
372 4015 389 4063 l.
400 4032 422 4064 c.
433 4045 467 4057 --
477 4018 601 4066 Metellum
610 4019 759 4077 ulteriorem,
842 4021 911 4068 Em.
924 4020 993 4066 XCV
995 4055 1001 4066 .
1014 4034 1036 4066 r.
1052 4019 1078 4068 0.
1093 4020 1164 4068 Curio
1169 4038 1239 4084 proc.
1248 4025 1311 4068 Dar·

255 4107 299 4144 etc.
313 4094 462 4144 contrarium
475 4096 619 4145 treditPlut.
629 4097 645 4145 l.
656 4114 678 4148 o.
806 4098 884 4146 danos
905 4096 930 4144 in
946 4095 1051 4146 Thracia
1068 4097 1176 4155 domuit,·
1199 4101 1263 4147 conl.
1282 4099 1312 4146 sd
