2982 4702
296 386 363 434 110
572 383 575 390 ·
703 362 741 430 T.
773 361 912 430 lett
1213 343 1273 444 id
1285 355 1333 444 ξ’ζζζ

288 489 402 560 ruinae
420 499 536 582 strage
549 483 727 580 congestis
743 483 853 567 saxis,
873 479 1116 555 exstruebant.
1131 483 1257 572 Quum
1274 507 1360 582 ope

289 597 390 669 ribus
409 593 635 693 oppugnatio
652 590 784 662 lentior
803 605 916 679 essct,
933 590 1043 664 scalas
1062 615 1128 688 per
1149 592 1358 689 manipulos

267 703 401 779 ,dividi
423 717 556 801 praetor
578 701 706 797 jussit,
729 716 770 772 ut
791 725 927 774 corona
948 699 1112 798 undiquc
1133 703 1271 774 moenia
1294 727 1357 801 ag-

289 838 497 916 gressurum
514 837 558 884 co
579 812 691 909 magis
708 802 942 884 suffecturam
960 810 1061 884 adid
1080 811 1355 902 multitudinem

288 945 407 1014 ranas,
426 924 547 1024 quod,
562 949 635 1021 qua
651 939 752 1021 parte
767 923 871 1021 palus
889 921 1018 996 urbem
1035 923 1165 1020 cingit,
1186 946 1255 994 nec
1275 925 1354 994 atti·

289 1037 399 1110 nebat
418 1035 640 1134 oppugnari,
658 1057 726 1104 nec
742 1047 894 1131 poterat.
913 1038 995 1132 Ipse
1016 1031 1063 1104 ab
1083 1057 1125 1103 ea
1142 1046 1261 1130 parte,
1281 1057 1355 1130 qua

242 1175 245 1183 ’
290 1149 369 1221 duae
386 1163 503 1218 turres
516 1143 691 1241 quodque
710 1144 806 1214 inter
823 1167 882 1216 eas
897 1144 995 1214 muri
1011 1157 1204 1241 prorutum
1218 1140 1353 1232 fuerat,

288 1261 364 1333 duo
393 1257 505 1328 millia
535 1254 690 1324 militum
708 1253 930 1326 delectorum
949 1253 1128 1340 admovit3
1158 1268 1204 1324 ut·
1224 1252 1351 1325 eodem

288 1387 453 1466 tempore
486 1389 562 1462 quo
598 1364 676 1460 ipse
705 1363 961 1436 transcendere
992 1366 1114 1440 ruinas
1144 1377 1351 1451 conaretur,

288 1501 467 1554 concursu
489 1473 658 1546 adversus
680 1496 718 1544 se
741 1473 1006 1572 oppidanorum
1028 1472 1145 1562 facto,
1173 1471 1276 1544 scalis
1296 1496 1352 1543 va·

288 1617 356 1665 cua
384 1583 635 1659 defensoribus
660 1585 795 1654 moenia
824 1586 903 1682 capi
927 1598 1028 1683 parte
1051 1583 1172 1681 aliqua
1193 1598 1351 1680 possent.

286 1700 391 1774 Haud
410 1697 568 1795 segniter
585 1693 759 1792 oppidani
776 1695 850 1764 vim
868 1693 947 1788 ejus
965 1717 1087 1765 arcere
1104 1699 1249 1789 paranti
1268 1715 1351 1762 nam

288 1833 397 1907 super
410 1819 561 1876 stratum
578 1804 690 1873 ruinis
705 1803 846 1888 locum,
861 1801 1018 1874 fascibus
1032 1802 1139 1873 aridis
1153 1815 1351 1894 sarmento·

287 1943 370 1992 rum
393 1915 554 2010 injectis,
576 1927 711 1986 stantes
731 1938 815 1984 cum
835 1911 1043 1988 ardentibus
1066 1908 1204 1982 facibus
1228 1935 1352 1982 accen-

288 2050 452 2126 surosea
473 2039 511 2096 'se
529 2045 621 2119 saepe
640 2022 884 2110 minabantur,
901 2037 962 2108 ut,
981 2020 1150 2093 incendio
1164 2021 1352 2118 interrepti

287 2138 333 2210 ab
350 2137 471 2224 hoste,
489 2133 643 2231 spatium
664 2131 709 2202 ad
725 2131 970 2228 objiciendum
983 2132 1191 2202 interiorem
1204 2153 1350 2205 murum

286 2247 473 2322 haberent.
494 2241 605 2333 Quod
620 2243 804 2344 inceptum
824 2265 951 2314 eorum
971 2237 1045 2312 fors
1066 2240 1229 2338 impediit
1244 2265 1350 2312 :nam

288 2371 408 2429 tantus
420 2367 570 2451 repente
584 2349 719 2422 effusus
735 2366 791 2423 est
802 2350 930 2439 imber,
946 2367 990 2422 ut
1003 2374 1070 2448 nec
1084 2350 1232 2422 accendi
1249 2349 1349 2423 facile

190 2563 192 2566 Ι
287 2480 482 2565 pateretur,
507 2461 815 2558 etexstingueret
839 2485 997 2536 accensa.
1025 2466 1152 2557 ltaque
1175 2475 1213 2532 et
1234 2465 1349 2532 trans·

287 2578 359 2648 itus
371 2598 437 2672 per
448 2572 616 2644 distracta
625 2568 799 2642 fumantia
810 2572 963 2669 virgulta
976 2572 1107 2671 patuit3
1123 2585 1174 2656 et,
1189 2571 1229 2640 in
1242 2573 1349 2643 unius

286 2686 357 2756 loci
372 2679 576 2781 praesidium
595 2679 763 2751 omnibus
779 2682 907 2770 versis,
925 2683 1059 2752 moenia
1075 2705 1223 2778 quoque
1242 2680 1349 2780 piuri-

287 2791 476 2872 bussimul
490 2789 653 2890 partibus
667 2791 769 2861 scalis
782 2792 984 2889 capiuntur.
998 2795 1041 2863 In
1054 2793 1174 2890 primo
1191 2791 1350 2866 tumultu

287 2917 399 3002 captae
412 2901 514 2974 urbis
527 2901 685 2971 seniores
705 2900 964 2999 impubesque,
987 2927 1080 2999 quos
1102 2926 1204 2974 casus
1222 2900 1349 2974 obvios

287 3016 439 3104 obtulit,
465 3013 595 3113 passim
617 3011 720 3100 caesi;
740 3013 865 3084 armati
889 3014 928 3083 in
950 3037 1069 3085 arcem
1087 3010 1348 3110 confugerunt3

286 3142 323 3200 et
338 3141 483 3226 postero
496 3123 577 3212 die,
597 3147 712 3220 quum
728 3125 805 3221 spei
819 3123 908 3195 nihil
922 3138 1144 3222 superesset,
1164 3122 1349 3195 deditione
1373 3113 1379 3135 ”

285 3238 396 3324 facta,
416 3233 485 3306 sub
503 3257 637 3304 corona
649 3235 849 3304 venierunt.
868 3237 1029 3304 Fuerunt
1045 3248 1166 3304 autem
1179 3231 1256 3303 duo
1269 3232 1348 3303 mil·

287 3345 333 3416 lia
364 3342 477 3414 ferme
505 3356 541 3413 et
568 3342 768 3439 quingenti.
799 3346 1021 3415 Ornamenta
1043 3341 1144 3414 urhis
1166 3357 1290 3414 statuae
1313 3358 1349 3415 et

286 3452 418 3524 tabulae
441 3452 565 3548 pictae,
589 3466 625 3522 et
647 3450 827 3548 quidquid
849 3454 1015 3550 pretiosae
1040 3452 1168 3551 praedae
1189 3451 1282 3540 fuit,
1303 3451 1347 3524 ad

287 3587 396 3637 naves
413 3560 569 3633 delatum
587 3588 594 3630 :
612 3560 700 3631 urbs
717 3561 835 3633 diruta
850 3586 869 3632 a
886 3560 1138 3633 fundamentis
1157 3560 1248 3633 Inde
1263 3561 1348 3632 Tbe-

279 3675 351 3748 bas
376 3672 507 3744 ductus
531 3666 758 3744 exercitus⁵:
783 3669 916 3767 quibus
938 3672 1015 3744 sine
1035 3672 1229 3744 certamine
1247 3694 1347 3742 rece-

276 3869 329 3930 ‘37,
339 3884 364 3914 n.
374 3874 398 3921 4.
414 3891 448 3904 -
456 3863 541 3912 naim
552 3875 649 3928 strage:
662 3879 717 3909 num
730 3873 794 3910 stra·
838 3863 1110 3929 mactandiquemoeura
1119 3878 1275 3928 aggressurus
1280 3862 1346 3921 ‚·vid.

283 3963 326 4011 ges
341 3946 456 3993 dicuutur
464 3944 557 4006 qnaevia
570 3957 609 3990 rer
620 3941 742 3990 subverse
753 3953 795 3989 aut
839 3943 879 4000 11,
892 3957 937 4002 17,
951 3953 1003 3990 not.
1018 3944 1043 3990 3.
1054 3942 1114 3990 Dela
1126 3955 1171 3990 ut:
1183 3959 1241 3992 uam
1253 3957 1346 3990 revera

287 4035 382 4082 stratse3
400 4022 449 4069 vid.
461 4021 538 4071 Dmk.
550 4047 586 4058 -
599 4018 730 4084 Operibus,
740 4018 794 4068 scil.
839 4035 964 4083 aggressus
972 4031 1021 4082 ortt
1033 4021 1107 4071 Drak.

286 4105 363 4161 facta3
374 4101 441 4149 conf,
451 4099 483 4147 ad
491 4102 523 4158 V,
535 4113 567 4146 aa
577 4134 584 4158 ,
593 4115 620 4147 u.
633 4115 657 4160 7.
669 4125 704 4136 -
715 4101 795 4145 Utco·
876 4101 899 4146 5.
920 4100 981 4147 Inde
993 4099 1085 4148 Thebas
1106 4099 1191 4148 ductus
1214 4101 1346 4158 cruciats,
