2970 4712
221 369 345 474 &13:333
436 391 861 490 praenatante.
891 395 1010 466 xxv.
1193 392 1262 467 315

192 509 491 600 rit,relerendo:
512 513 625 611 ipsius
638 514 755 585 oratio
768 515 899 612 scripta
920 527 1053 602 exstat,
1072 515 1263 613 Originum

192 623 323 718 quinto
341 620 436 703 libro
455 622 603 706 inclusa.
620 624 770 696 Rhodiis
785 648 999 723 responsum
1015 627 1064 696 ita
1078 623 1261 698 redditum

191 748 262 819 est,
279 745 321 804 ut
337 755 404 805 nec
417 732 539 806 hostes
556 731 704 823 fierent,
722 759 789 806 nec
801 735 889 806 socii
902 750 1167 832 permanerent.
1184 734 1262 807 Phi-

190 841 342 914 locrates
356 857 393 914 et
403 842 614 940 Astymedes
632 846 812 944 principes
826 845 1014 943 legationis
1027 861 1129 917 erant
1138 843 1164 916 ³.
1181 850 1261 918 Par-

190 965 263 1024 tem
287 977 369 1024 cum
395 943 594 1026 Philocrate
621 957 829 1028 renuntiare
852 954 1024 1027 Rhodum
1044 955 1259 1054 legationem

188 1061 341 1159 placuit,
354 1079 495 1161 partem
507 1089 590 1136 cum
604 1064 797 1162 Astymede
811 1071 934 1138 Romae
946 1064 1160 1151 subsistere,
1176 1067 1259 1164 qui,

188 1197 269 1269 quae
295 1189 502 1272 agerentur,
528 1177 635 1247 sciret
659 1178 903 1275 certioresque
930 1199 1015 1251 suos
1043 1172 1187 1247 faceret.
1215 1180 1258 1246 In

186 1286 377 1380 prasentia
392 1283 573 1358 deducere
590 1299 673 1358 ante
692 1302 824 1360 certam
845 1287 941 1358 diem
958 1313 1003 1360 ex
1019 1286 1127 1384 Lycia
1145 1285 1258 1360 Caria·-

186 1418 259 1490 que
286 1396 500 1490 jusseruntl
528 1393 727 1494 praefectos.
760 1403 843 1468 Haec
871 1395 1042 1470 Rhodum
1071 1395 1256 1492 nuntiata,

185 1529 268 1600 quae
285 1529 352 1604 per
371 1530 408 1578 se
430 1508 544 1580 tristia
561 1505 733 1596 finissent,
749 1507 835 1604 quia
853 1508 1000 1602 majoris
1018 1506 1102 1577 mali
1119 1505 1257 1577 levatus

185 1617 405 1704 erattirnor,
425 1641 541 1714 quum
559 1616 697 1689 bellum
713 1619 937 1703 timuissent,
959 1613 1183 1714 ingaudium
1200 1639 1257 1686 rc·

183 1726 349 1797 nuntiata
365 1741 560 1798 verterunt.
581 1731 708 1824 Itaque
731 1727 914 1826 extemplo
938 1750 1108 1798 coronam
1130 1725 1256 1822 viginti

121 1892 124 1902 ,
183 1835 338 1908 millium
357 1835 573 1910 aureorum⁵
588 1837 831 1912 decreverunt
842 1865 850 1907 ε
862 1837 1108 1929 Theodotum,
1123 1833 1252 1935 praese-

184 1961 283 2018 ctum
299 1946 438 2034 classis,
457 1949 587 2020 ineam
606 1949 821 2047 legationem
834 1952 1021 2022 miserunt.
1038 1949 1254 2021 Societatem

182 2143 262 2210 Ipsius
278 2146 373 2204 oratio,
397 2161 445 2214 pro
468 2146 573 2196 Rhodiis
597 2147 693 2207 hahita,
738 2149 878 2200 mandatum
892 2149 956 2198 illud
970 2147 1002 2198 ad
1016 2148 1082 2196 hunc
1095 2145 1250 2214 potissimum

180 2225 272 2290 Wll’la
284 2238 380 2286 ‘walt
396 2227 523 2293 Originum
534 2228 620 2294 quinto
633 2227 695 2300 ly'bra
738 2229 868 2296 legationis
886 2228 1024 2294 prinoipem
1043 2235 1150 2292 spectet,
1162 2225 1252 2291 {Livius

180 2305 290 2365 incluso‚·
310 2307 366 2357 vide
386 2306 418 2356 ad
430 2309 536 2372 XXXI,
554 2317 601 2370 44,
616 2326 643 2358 n.
661 2318 677 2366 4
684 2325 692 2368 ;
736 2323 819 2360 umen
830 2311 883 2360 lsaec
893 2311 967 2360 verba
980 2309 1012 2358 de
1023 2305 1157 2373 Astymede
1166 2305 1251 2368 etlcol-

180 2388 304 2452 XXXIV,
320 2389 345 2448 5,
359 2382 385 2439 nl
402 2390 433 2451 35
449 2389 513 2440 Gell.
522 2391 588 2449 VII,
598 2390 612 2439 3
622 2406 630 2450 ς
640 2393 692 2456 Ap-
735 2391 810 2455 legis,
824 2379 966 2453 nec'male,
982 2387 1120 2456 accepisse,
1135 2395 1160 2434 et
1180 2384 1252 2433 libra-

179 2466 248 2532 ΡΜ.
258 2470 320 2518 Pun·
330 2468 374 2519 65·
736 2470 782 2531 rii,
798 2473 950 2536 ignorantes,
971 2485 1033 2519 voce
1050 2464 1150 2534 partem
1166 2466 1250 2531 plures

215 2549 240 2596 3.
253 2548 403 2598 Philocrates
412 2561 437 2597 et
449 2548 590 2612 Astymedes
597 2549 692 2612 princi·
735 2549 923 2615 comprehendi,
936 2565 1065 2598 numerum
1076 2556 1197 2606 mutasse,
1207 2556 1250 2593 aut

176 2644 219 2691 pes
236 2629 366 2694 legationis
378 2640 465 2688 erant,·
481 2629 547 2679 conl.
558 2627 590 2676 ad
603 2627 656 2677 haec
667 2639 692 2678 et
734 2630 857 2694 virgulas,
873 2613 950 2679 litere
964 2645 978 2676 e
990 2629 1016 2676 in
1029 2626 1102 2676 sciret
1114 2637 1139 2674 et
1149 2623 1250 2691 faceret

178 2701 246 2773 seqqss
257 2709 346 2775 Polyb.
359 2709 419 2756 Exc.
432 2711 490 2773 Leg.
499 2708 594 2768 XXX,
608 2708 633 2768 5,
647 2709 691 2772 qui
735 2710 926 2776 superscriptas,
940 2707 1050 2757 omisisse
1062 2705 1185 2754 videntur.

176 2786 250 2866 etiam
270 2789 432 2838 Philocratem
450 2789 531 2852 primo
547 2803 603 2835 cum
621 2787 691 2844 aliis,
771 2797 795 2846 4.
816 2792 847 2838 ln
863 2786 997 2853 prasentia
1014 2785 1133 2833 deducere
1149 2781 1248 2850 (quide

177 2867 268 2916 deinde
284 2867 477 2933 Philophronem
493 2877 518 2914 et
529 2866 689 2931 Astymedem
734 2867 848 2935 praesidia
856 2865 886 2934 i)
897 2878 956 2916 ante
968 2877 1062 2914 certam
1074 2863 1139 2911 diem
1155 2879 1189 2910 ex
1200 2865 1248 2926 Ly-

174 2946 302 2994 edvenisse
312 2950 418 2996 Romam
429 2945 504 2994 tradit
513 2961 568 3010 cap.
582 2951 598 3000 4
612 2961 687 3008 pr.-
734 2950 775 2998 oia
794 2947 918 3012 Cariaque
924 2944 1055 3012 prcefeetos
1063 2943 1191 3008 jttsserunt
1204 2943 1268 2998 Pa,

175 3029 276 3076 Partem
296 3025 440 3091 legationis,
464 3025 560 3089 aliquot
581 3026 688 3090 legatos,
733 3039 790 3077 tres.
803 3027 923 3094 Polybius
937 3023 1132 3074 hoc'decretum
1150 3031 1247 3070 senatus

175 3127 231 3158 cum
255 3108 396 3158 Philocrate
414 3105 557 3156 renuntiare
576 3105 689 3155 Illtodurn
733 3119 791 3173 post
807 3107 904 3156 missam
923 3104 1082 3169 legationem,
1098 3117 1154 3165 qaae
1173 3116 1245 3149 coro·

176 3188 324 3255 legationem
337 3188 412 3252 (vide
423 3188 456 3236 sd
464 3188 565 3246 XXIII,
577 3187 644 3246 6‚n.
655 3185 687 3253 a)
731 3203 788 3234 nam
798 3171 910 3249 ,ferebam
930 3185 1022 3234 lectum
1040 3179 1130 3240 tradit3
1151 3179 1244 3230 Duker.

171 3270 281 3334 placuit,
288 3286 323 3320 sc.
330 3268 435 3318 Rhodiis
442 3265 548 3331 ,partim
556 3266 688 3330 cumAstr·
731 3267 804 3316 Conf.
824 3266 859 3315 ad
872 3265 963 3324 XLIV,
980 3264 1021 3326 15,
1036 3280 1062 3311 n.
1080 3277 1104 3310 1.
1118 3264 1168 3310 Pro
1175 3278 1242 3332 pra-

174 3350 243 3398 mede
251 3353 336 3400 Ilomoe
343 3351 472 3402 subsistere
477 3383 486 3406 ,
497 3347 542 3412 qui
546 3383 555 3408 ,
567 3364 623 3412 qua
632 3363 687 3412 age
722 3346 806 3413 fectos
815 3346 890 3396 Drak.
902 3346 969 3407 conj.
977 3341 1100 3409 prcesidia
1111 3341 1150 3389 vel
1155 3341 1245 3405 praesi-

174 3439 259 3478 rentur
276 3431 378 3490 Romae,
396 3429 479 3486 sciret,
498 3437 545 3477 etc.
562 3425 629 3474 Illud
643 3426 688 3491 qui
730 3423 833 3476 diarios.
851 3425 900 3476 Sed
916 3425 980 3473 sorte
996 3422 1043 3487 leg.
1065 3419 1181 3469 decedere
1196 3435 1243 3486 pro

174 3505 278 3569 inserui,
287 3521 312 3560 et
322 3511 371 3559 hoc
381 3509 466 3574 potius
478 3506 599 3556 excidisse
608 3505 687 3554 credi·
731 3505 857 3554 deducerei
867 3532 902 3542 —
911 3505 972 3552 Heec
980 3501 1092 3550 Rhodum
1102 3499 1245 3549 nuntiata...

175 3586 364 3652 decim,qnam,
378 3587 446 3652 quod
461 3587 503 3636 elii
515 3597 687 3652 putant,qnoe
731 3585 756 3634 in
782 3583 904 3650 gaudium
932 3581 1074 3629 renuntiata
1100 3589 1243 3636 verterunt,·

174 3667 214 3714 vel
231 3678 278 3723 ut,·
290 3667 338 3716 nisi
350 3683 405 3715 cum
421 3668 499 3716 Gron.
519 3667 599 3732 legere
616 3663 686 3714 malis
730 3664 826 3712 vidend
834 3666 873 3726 11,
883 3663 908 3721 3,
919 3678 946 3725 n,
956 3678 981 3710 e.
993 3659 1115 3709 Nuntiata
1123 3673 1170 3724 pro
1181 3673 1243 3706 nnn-

173 3745 313 3802 subsistere,
332 3745 388 3810 qui,
399 3762 434 3794 sc.
453 3746 527 3809 legati
538 3745 614 3811 (nam
623 3762 686 3808 pars
730 3743 866 3809 tiorijnssa
872 3778 881 3801 ,
896 3741 1013 3808 quoniam
1031 3740 1143 3803 sequitur
1155 3753 1243 3787 renun-

172 3824 207 3873 id.
217 3824 261 3888 qd.
270 3824 372 3889 quidam
381 3826 457 3890 legati
463 3823 537 3890 )quee
545 3835 683 3889 agerentur,
730 3822 812 3872 tiata:
834 3839 863 3871 ac
884 3839 916 3870 ne
941 3822 976 3869 sic
997 3817 1095 3883 quidem
1115 3834 1129 3866 a
1152 3817 1243 3882 frigido

172 3902 262 3950 seirent
276 3903 436 3967 certioresque
449 3919 504 3951 suos
509 3901 635 3966 facerent.
647 3906 685 3951 lta
728 3903 870 3968 pleonasmo
889 3900 1006 3949 Immanis
1022 3897 1092 3947 locus
1105 3891 1185 3945 videri
1197 3914 1243 3963 po·

173 3982 261 4031 diserte
283 3981 372 4063 Polyb.
396 3985 489 4045 XXX,
509 3983 537 4040 5,
555 3981 572 4048 S
594 3997 619 4030 1:
641 3983 684 4031 sed
728 3993 787 4045 test,
801 3982 848 4030 nisi
868 3991 925 4046 post
945 3977 1060 4027 nuntiata
1077 3977 1193 4039 majorem
1206 3978 1242 4025 ln·

173 4062 259 4131 οἱπερὶ
272 4062 312 4115 τὸν
324 4057 476 4132 Acroprldns
489 4065 561 4112 etism
572 4079 618 4127 pro
628 4063 683 4111 solo
728 4061 924 4129 terpnnctiouem
937 4059 1023 4119 lacios3
1035 4059 1094 4106 Em.

172 4143 306 4208 Astymede
329 4143 422 4192 dictum
442 4144 521 4208 accipi
542 4153 637 4206 potest:
659 4154 683 4190 et
764 4139 788 4192 5.
803 4139 925 4190 Coronam
941 4139 994 4187 XX
1004 4136 1105 4186 millium
1117 4133 1240 4201 (millibus
