2984 4706
219 393 338 496 3233251
488 413 635 480 Linea
660 415 767 480 xcv.
795 415 895 482 aar.
921 415 946 480 1.
1180 412 1249 484 263

230 531 332 590 eodem
344 531 512 608 Amphipoli
529 544 644 608 paratae.
662 565 699 576 -
717 537 864 604 XXX1113
881 539 1010 592 Acervus
1024 554 1170 594 armorum
1183 556 1248 594 om-

231 624 275 686 uis
292 624 403 701 generis
422 622 529 681 ibidem
550 644 711 683 succensus.
733 626 826 682 Paulli
843 627 1034 684 munificentia
1050 641 1079 685 et
1097 629 1250 704 profectio.

230 715 331 773 Praeda
345 716 532 774 Macedonica
545 717 576 774 in
590 718 707 776 classem
721 719 1045 795 imposita.-XXXIV;
1060 721 1142 796 Epiri
1152 721 1252 798 praeda

231 808 370 865 exercitui
390 808 472 881 data,
490 823 519 868 et
539 811 615 867 muri
634 831 690 868 cxx
713 810 829 869 urbium
847 809 1026 888 direptarum
1046 811 1144 870 diruti.
1168 814 1251 873 Indi—

230 900 328 976 gnatio
347 900 488 958 exercitus
504 901 702 976 Macedonici,
725 904 850 980 expertis
869 903 954 981 regiae
976 904 1089 981 proedae.
1111 905 1203 963 Paulli
1223 921 1252 964 et

231 991 325 1050 Anicii
339 991 468 1068 trajectio
483 993 512 1050 in
526 995 646 1058 ltaliam.
669 995 755 1054 Irrita
768 995 871 1072 legatio
888 1001 1084 1058 Romanorum
1103 997 1133 1056 in
1150 997 1248 1058 Asiam

232 1084 319 1142 missa
333 1084 368 1144 ad
382 1085 539 1144 finiendum
553 1084 662 1144 bellum
675 1074 751 1144 inter
761 1091 918 1146 Eumenem
934 1100 962 1145 et
973 1089 1253 1160 Gallos.-XXXV;

232 1175 383 1235 Adventus
396 1177 508 1250 Persei,
525 1177 621 1236 Gentii
636 1178 816 1255 aliorumque
835 1179 1014 1256 captivorum
1032 1177 1253 1256 principumque

232 1267 410 1326 Macedoniae
424 1282 452 1328 et
466 1270 593 1328 Graeciae.
610 1271 681 1328 Mox
696 1270 811 1328 Paullus
825 1271 911 1348 regia
920 1291 993 1328 nave
1007 1270 1128 1348 ingentis
1140 1273 1253 1349 magni-

234 1360 354 1433 tudinis,
366 1381 531 1439 paucosque
549 1375 616 1441 post
634 1361 695 1420 dies
709 1363 828 1422 Anicius
843 1378 871 1420 et
885 1363 1022 1422 Octavius
1044 1361 1132 1420 classe
1150 1381 1202 1419 sua
1218 1363 1254 1420 ad

232 1451 342 1512 Urbem
358 1451 553 1524 advehuntur,
575 1468 604 1512 et
620 1452 712 1512 tribus
726 1454 761 1510 iis
775 1453 909 1512 omnibus
923 1453 1089 1511 decernitur
1102 1452 1138 1510 ab
1154 1469 1254 1512 senatu

233 1545 404 1623 triumphus.
422 1545 515 1608 Paulli
535 1546 683 1624 triumpho
701 1547 862 1623 refragatur
882 1545 1024 1604 exercitus
1042 1544 1255 1604 Macedonicus.

231 1669 271 1684 --
281 1643 409 1698 XXXVI
413 1661 422 1713 3
435 1642 469 1695 In
484 1639 607 1700 comitiis
624 1639 748 1698 ferendae
763 1639 833 1716 legis
848 1659 911 1696 eam
926 1637 1072 1696 dissuadet
1085 1642 1146 1698 Ser.
1159 1638 1256 1714 Sulpi-

233 1731 293 1788 cius
309 1728 401 1788 Galba
416 1729 549 1788 tribunus
563 1731 700 1800 militum,
725 1763 763 1776 -
782 1735 947 1790 XXXVII·
957 1733 1101 1801 XXX1X3
1115 1742 1144 1787 et
1155 1728 1256 1786 suadet

233 1826 273 1879 Μ.
286 1821 544 1892 8θῐνί1ἰυε.-τΧῑ;
560 1823 737 1900 Triumphus
750 1824 855 1892 Paulli,
872 1835 900 1878 et
914 1841 1023 1879 summa
1039 1821 1132 1879 omnis
1149 1819 1256 1896 captivi

233 1916 297 1973 auri
313 1917 488 1993 argentique.
509 1920 590 1973 Mors
612 1915 736 1974 duorum
757 1916 850 1974 Paulli
871 1915 1011 1984 filiorum,
1033 1933 1119 1992 quos,
1142 1911 1256 1971 duobus

233 2006 306 2069 datis
320 2008 350 2064 in
364 2007 566 2085 adoptionem,
588 2009 664 2066 solos
678 2003 800 2066 nominis
811 2021 841 2066 et
857 2025 1005 2065 sacrorum
1021 2005 1191 2081 familiaeque
1203 2003 1256 2060 he-

235 2097 317 2155 redes
331 2099 489 2156 retinuerat
502 2097 589 2156 domi.
612 2131 651 2142 -
668 2103 752 2170 XL13
767 2101 868 2158 Oratio
883 2099 943 2176 ejus
958 2098 994 2155 de
1008 2098 1125 2155 somma
1140 2115 1200 2154 sua.
1217 2129 1257 2139 -

234 2193 332 2260 XLII;
353 2189 530 2266 Triumphus
544 2191 653 2250 navalis
667 2195 718 2248 Cn.
730 2191 859 2261 Octavii3
878 2195 1000 2250 Perseus
1013 2209 1078 2248 cum
1090 2188 1257 2254 Alexandro

233 2280 293 2337 filio
306 2279 411 2339 Albam
425 2281 454 2338 in
466 2280 626 2339 custodiam
638 2280 761 2339 ducitur.
774 2283 859 2352 Bitis,
875 2283 975 2358 Cotyis
988 2281 1077 2351 lilius,
1094 2301 1160 2339 cum
1175 2279 1258 2340 obsi-

225 2369 335 2442 dibus,
352 2377 457 2430 Perseo
472 2372 541 2430 olim
555 2372 645 2443 datis,
663 2376 724 2452 regi
734 2373 879 2432 Thracum
895 2375 1005 2452 petenti
1021 2373 1183 2431 remittitur.
1199 2377 1258 2431 Re-

235 2483 301 2540 gum
316 2463 493 2524 Macedoniae
516 2483 603 2524 naves
622 2467 763 2524 inusitatae
782 2481 847 2526 ante
867 2465 1069 2552 magnitudinis
1090 2465 1258 2526 subducun-

236 2567 283 2612 tur
300 2556 329 2613 in
344 2575 446 2634 campo
461 2559 578 2616 Martio.
592 2592 628 2602 -
642 2563 755 2628 XL1113
772 2563 805 2615 L.
814 2557 908 2630 Animi
923 2557 1094 2634 triumphus.
1106 2563 1170 2616 Rex
1182 2564 1257 2616 Gen-

235 2648 291 2706 tius
311 2668 376 2705 cum
394 2648 493 2706 liberis
515 2663 543 2708 et
566 2651 687 2726 conjuge
706 2663 735 2707 et
756 2651 928 2709 Caravantio
948 2650 1035 2708 fratre
1055 2663 1121 2708 ante
1139 2669 1256 2708 currum

235 2740 312 2816 ejus,
323 2754 353 2798 et
361 2740 465 2799 deinde
480 2742 612 2818 Iguvium
624 2743 654 2801 in
666 2741 825 2802 custodiam
837 2741 964 2802 ducitur.
977 2773 1017 2784 -
1027 2745 1138 2810 XLIV,
1157 2741 1255 2798 Comi-

237 2833 276 2890 tia
286 2833 448 2890 consularia
462 2845 490 2889 et
503 2834 647 2908 praetoria.
659 2833 773 2890 Prusias
782 2852 849 2889 cum
859 2833 917 2888 filio
927 2829 1085 2890 Nicomede
1095 2847 1257 2906 magnoque

236 2925 373 2981 comitatu
398 2931 519 2982 Romam
544 2924 636 2993 venit,
658 2937 690 2981 ut
711 2925 871 2999 gratuletur
888 2923 1054 2990 victoriam,
1076 2933 1106 2977 et
1129 2933 1256 2977 senatum

237 3017 356 3088 salutet,
371 3017 454 3094 eique
469 3014 648 3072 commendet
662 3015 759 3070 filium.
772 3020 874 3072 Preces
889 3027 917 3071 et
935 3011 1080 3070 humilitas
1095 3013 1186 3088 regis,
1199 3031 1261 3068 mu-

240 3129 365 3184 neraque
380 3109 406 3165 ei
421 3109 496 3166 data.
710 3104 712 3110 '

201 3316 226 3382 Ι.
253 3262 502 3384 Vrcrourm
527 3311 664 3394 nuntii,
689 3315 731 3401 Q.
756 3308 886 3379 ¹Fabius
908 3323 943 3379 et
967 3313 1005 3377 L.
1030 3305 1202 3375 Lentulus
1224 3321 1259 3375 et

199 3425 242 3511 Q.
263 3423 447 3507 Metellus,
471 3433 605 3518 quanta
626 3421 745 3516 poluit
766 3417 927 3490 adhiberi
949 3415 1147 3498 festinatio,
1170 3414 1260 3484 cele·

196 3535 299 3604 ,riter
315 3537 463 3602 Romam
478 3555 591 3628 quum
600 3530 789 3609 venissent,
804 3539 1033 3624 praecerptam
1048 3539 1168 3592 tamen
1183 3523 1261 3614 ejus

199 3642 251 3709 rei
267 3638 421 3712 laetitiam
442 3641 665 3708 invenerunt.
685 3642 822 3727 Quarto
845 3651 928 3733 post
951 3631 1025 3718 die,
1045 3655 1153 3728 quam
1178 3655 1260 3698 cum

200 3771 285 3842 rege
302 3763 355 3816 est
373 3762 590 3843 pugnatum,
605 3772 718 3841 quum
736 3750 774 3816 in
793 3749 895 3816 Circo
911 3745 988 3814 ludi
1005 3744 1150 3822 fierent,
1166 3763 1262 3809 mur·

236 3953 295 4000 Car.
305 3955 324 3999 1.
335 3967 355 4000 1.
369 3953 467 4012 Quanta
476 3969 501 4014 p.
513 3951 556 3997 ad.
562 3950 705 4015 festinatio,
748 3951 812 3999 'nihil
822 3953 947 4015 opus-'Eu
958 3977 993 3984 -—
1001 3953 1078 3995 Praec.
1089 3946 1124 3993 rei
1135 3943 1260 3996 letitiam,¹

202 4032 257 4087 cel,
273 4043 317 4078 etc.
334 4031 428 4077 Tollius
441 4035 504 4078 Fert.
514 4027 570 4092 cap.
584 4043 628 4090 ro,
645 4031 709 4093 apud
754 4031 870 4094 suspicari
882 4029 961 4093 possis
967 4038 1116 4090 praeceptam
1128 4043 1135 4070 :
1145 4023 1188 4070 sed
1202 4022 1263 4068 illud

203 4112 292 4157 Hearm
294 4108 460 4174 festinationis
469 4109 557 4156 celeria.
565 4109 601 4166 rt,
615 4121 660 4156 etc.
668 4109 709 4155 s'cd
757 4110 889 4166 venustius,
901 4106 1039 4170 metaphora
1048 4121 1060 4150 a
1069 4102 1169 4150 floribus
1179 4100 1264 4164 petita.
