2984 4706
245 341 369 450 33:322:
423 363 1083 432 urseuxmvctruxvru.
1166 387 1167 392 κ
1215 391 1279 438 221

218 482 264 553 ad
285 483 455 568 classem,
471 484 544 577 jam
565 482 610 554 ad
628 485 772 580 Sigeum
789 496 958 567 stantem,
979 485 1175 556 redieruut.
1196 489 1285 562 Inde

218 591 356 664 Subota
371 593 512 691 (insula
526 608 580 664 est
593 594 780 689 interjecta
792 593 893 663 Elaeae
906 609 941 663 et
956 595 1075 689 Atho)
1096 600 1284 692 trajiciunt.

217 707 325 796 Forte
342 717 489 800 postero
506 703 585 785 die,
605 727 714 799 quam
731 701 869 773 Subota
888 702 1005 773 classis
1023 707 1163 776 tenuit⁴
1183 711 1287 804 quiu-

218 837 291 908 que
316 828 352 882 et
373 811 517 910 triginta
536 837 665 900 naves,
693 837 782 910 quas
806 811 1026 910 hippagogos
1046 832 1176 886 vocant
1188 814 1214 906 ⁵,
1239 818 1284 890 ab

218 923 313 992 Elaea
328 921 498 1019 profectae
514 947 596 993 cum
611 923 793 1020 equitibus
808 923 919 994 Gallis
935 925 1128 1021 equisque,
1147 927 1285 1001 Phanas

218 1035 511 1132 promontorium
529 1034 701 1106 Chiorum
719 1033 910 1132 petebant,
931 1033 1028 1104 unde
1046 1040 1285 1112 transmittere

218 1147 256 1216 in
272 1145 520 1218 Macedoniam
536 1160 695 1244 possent.
717 1145 835 1217 Attalo
849 1144 895 1215 ab
913 1143 1074 1216 Eumene
1093 1147 1284 1220 mitteban-

218 1271 288 1326 tur.
310 1263 381 1327 Has
403 1281 511 1328 naves
532 1282 598 1355 per
623 1256 734 1327 altum
758 1254 844 1326 ferri
866 1280 980 1352 quum
1000 1281 1044 1327 ex
1070 1259 1216 1355 specula
1238 1263 1283 1330 si·

218 1391 329 1464 gnum
344 1366 468 1438 datum
475 1368 648 1437 Antenori
663 1380 772 1452 esset,
786 1363 1000 1463 profectusa
1013 1365 1175 1453 Subotis,
1190 1369 1285 1439 inter

216 1475 453 1572 Erythrarum
477 1477 767 1574 promontorium
790 1475 1016 1572 Chiumque,
1038 1501 1111 1573 qua
1129 1479 1282 1550 arctissi-

217 1612 319 1658 mum
344 1585 476 1658 fretum
504 1601 580 1671 est,
606 1587 648 1656 iis
672 1586 839 1656 occurrit.
867 1585 964 1657 Nihil
990 1586 1109 1656 minus
1137 1587 1284 1660 credere

218 1696 379 1796 praefecti
395 1698 584 1782 Eumenis,
605 1720 714 1792 quam
739 1695 981 1765 Macedonum
1000 1694 1147 1765 classem
1165 1698 1203 1766 in
1221 1697 1284 1767 illo

218 1809 338 1905 vagari
354 1797 462 1895 mari;
482 1830 581 1876 nuuc
597 1797 779 1875 Romanos
798 1829 892 1890 esse,
908 1828 1008 1874 xnum
1028 1804 1205 1891 Attalum,
1222 1821 1284 1876 aut

217 1919 385 1989 remissos
402 1917 542 2014 aliquos
564 1915 610 1986 ab
628 1915 747 1986 Attalo
770 1941 815 1985 ex
835 1915 958 1984 castris
979 1917 1136 1986 romanis
1156 1920 1284 2012 Perga-

219 2053 319 2098 mum
336 2043 468 2126 petere.
488 2027 556 2097 Sed
572 2050 685 2123 quum
696 2026 768 2120 jam
785 2025 1154 2123 appropinquantium
1169 2023 1285 2098 forma

219 2139 424 2212 lemborum
442 2135 539 2208 haud
559 2135 670 2208 dubia
687 2150 796 2216 esset,
818 2149 853 2206 et
873 2135 1066 2204 concitatio
1082 2159 1283 2224 remorum,

220 2247 434 2346 directaeque
446 2249 483 2319 in
495 2273 532 2318 se
545 2271 673 2345 prorae,
683 2245 806 2317 hostes
821 2245 1114 2342 appropinquare
1128 2247 1285 2342 aperuis-

220 2356 343 2445 sent⁶;
372 2374 461 2430 tunc
489 2359 620 2453 injecta
645 2353 837 2452 trepidatio
865 2369 938 2441 est,
959 2378 1073 2450 quum
1095 2355 1284 2426 resistendi

220 2494 302 2567 spes
317 2468 415 2538 nulla
429 2483 540 2556 esset,
557 2465 780 2561 inhabilique
795 2464 941 2533 navium
953 2487 1105 2560 genere,
1123 2477 1159 2534 et
1173 2465 1283 2536 Gallis

220 2579 279 2648 vix
298 2579 456 2676 quietem
475 2574 674 2648 serentibus
690 2575 729 2644 in
745 2574 845 2643 mari.
861 2578 945 2643 Pars
961 2597 1108 2662 eorum,
1125 2576 1189 2670 qui
1203 2599 1285 2673 pro·

774 2776 950 2824 comoediarum
972 2777 1087 2824 Terentii,
1111 2779 1179 2826 Malo
1203 2790 1284 2826 tamen

774 2856 891 2920 pleraque
902 2854 1005 2914 horum,
1017 2855 1083 2918 apud
1093 2857 1145 2905 liv.
1158 2869 1235 2917 certe,
1246 2876 1283 2906 er·

774 2935 884 2982 rantibus
898 2933 1003 2981 librariis
1017 2934 1152 2982 tribuere».
1165 2937 1239 2984 Drah.
1249 2965 1283 2973 —-

220 2782 316 2846 Sigeum
332 2794 454 2840 stantem
476 2780 534 2829 olim
551 2781 676 2844 legebatur
692 2779 729 2846 Si7

217 2862 295 2926 glum,
309 2878 363 2925 quae
374 2861 547 2926 orthographia
558 2876 677 2923 nusquam
687 2860 730 2907 ali-

220 2941 246 2988 hi
257 2942 383 3007 reperitur.
394 2942 440 2989 En.

257 3030 281 3078 4.
295 3023 387 3070 Sabota
400 3020 483 3070 classis
493 3019 584 3074 terruit;
593 3018 649 3066 vide
660 3019 691 3068 ad
704 3021 729 3073 1,

223 3118 291 3161 1‚n.
304 3103 327 3150 8.
739 3163 743 3170 Ι

257 3183 282 3230 5.
296 3182 388 3236 Nares,
401 3195 462 3242 quas
474 3176 622 3242 hippagogos
632 3167 640 3244 (
651 3175 729 3227 lurra·

220 3265 313 3330 γωγοὺς
323 3292 331 3321 ,
343 3260 431 3324 quihus
453 3258 509 3322 equi
527 3254 665 3320 vehuntur)
682 3272 729 3302 vo·

221 3353 291 3396 cant,
309 3353 350 3389 aut
366 3339 484 3404 lippagos
495 3327 627 3406 (ἱππηγοὺς
641 3335 728 3399 Polyb.

222 3405 729 3476 1‚a6‚§rt;I,a7‚§9;I,28‚§2,

224 3489 249 3555 7)
259 3503 282 3538 et
293 3489 452 3554 kmpagineu
461 3487 511 3535 vid.
527 3489 590 3535 Fest.
603 3498 626 3534 et
638 3485 728 3534 Schelf.

222 3570 252 3617 de
261 3569 316 3618 Mil.
325 3569 387 3616 Nar.
397 3569 442 3627 IV,
454 3583 474 3614 1.
485 3591 497 3609 ιι
505 3567 663 3630 Hippagogus
672 3563 729 3612 edd.

221 3660 277 3696 ante
284 3649 385 3694 Vascos.
394 3645 462 3709 quod
473 3657 509 3692 est
518 3645 597 3708 ipsum
607 3661 641 3708 gr.
652 3645 730 3695 ἶππα·

220 3727 329 3799 γωγοὺς,
342 3737 370 3773 ut
381 3726 408 3772 Iu
419 3725 501 3772 multis
510 3724 573 3771 MSS
584 3735 609 3771 et
620 3723 675 3772 edd.
689 3739 729 3770 sa·

221 3805 372 3868 rusopkorus
391 3805 517 3860 XXXVI,
544 3802 589 3860 183
608 3803 731 3865 apocletus

775 3013 890 3070 utranam
907 3012 958 3060 vid.
970 3014 1152 3074 xxxv1543,
1166 3030 1191 3062 ιι.
1205 3017 1229 3064 6.

810 3093 834 3138 6.
853 3094 939 3140 Hostes
956 3091 1154 3157 appropinquare
1175 3096 1284 3159 aperuis-

773 3183 826 3218 sent
835 3188 865 3218 ex
875 3171 970 3219 emend.
979 3171 1053 3220 Dralr.
1067 3188 1114 3236 pro
1123 3174 1282 3236 apparuisset.

774 3249 848 3316 (Hoc
859 3261 915 3298 ante
929 3250 1003 3298 urat.
1017 3251 1065 3318 legi
1073 3251 1176 3312 jusserat
1186 3253 1283 3301 Crever.
1312 3247 1317 3262 ’

774 3345 805 3376 ex
812 3329 920 3377 Tumebi
932 3329 1085 3390 conjectura,
1096 3331 1181 3394 etipse
1193 3332 1220 3378 in
1231 3344 1285 3380 tex·

774 3419 827 3455 tum
840 3418 970 3472 receperat.
982 3409 1028 3456 Eo.
1039 3406 1048 3471 )
1061 3409 1112 3455 Alii
1122 3409 1219 3457 edidere
1229 3427 1285 3474 ape·

773 3487 872 3544 ruisset,
885 3498 908 3533 et
918 3485 1081 3534 concitatione
1092 3503 1211 3535 remorum
1220 3490 1285 3535 dire·

774 3576 868 3628 ctoeque
882 3565 907 3611 in
921 3581 946 3612 se
956 3581 1040 3628 prora
1049 3565 1059 3630 (
1067 3577 1095 3612 ut
1102 3582 1185 3628 prorae
1193 3567 1224 3614 sit
1234 3583 1282 3614 sec.

774 3642 870 3708 casus),
883 3644 921 3691 vel
929 3679 936 3702 ,
945 3645 1001 3707 quia
1008 3644 1115 3707 plurium
1125 3647 1222 3692 navium
1232 3648 1285 3711 plu·

774 3740 812 3772 res
824 3725 922 3772 luerunt
934 3739 1028 3787 prorae,
1040 3722 1137 3771 directis
1149 3724 1175 3771 iu
1190 3741 1216 3772 se
1223 3742 1282 3789 pro·

775 3802 822 3860 ris,
838 3821 862 3852 a.
880 3800 1039 3865 apparuisset.
1057 3802 1104 3849 Sed
1128 3804 1222 3866 aperire
1242 3803 1284 3852 vix

221 3883 397 3941 xmus&
408 3880 578 3928 Gordiuticios
585 3879 731 3940 XXXVIII,
774 3880 837 3929 bene
855 3879 967 3943 jungitur
989 3878 1123 3937 infinitivo,
1141 3893 1166 3928 et
1184 3883 1284 3932 verbum

137 3991 140 4002 .
225 3963 269 4019 1³3
281 3961 362 4009 Silena
373 3957 441 4006 coine
454 3959 607 4017 XXXVIII,
620 3960 667 4016 15;
682 3971 731 4006 tur·
776 3959 974 4024 appropinquare
988 3958 1062 4006 modo
1074 3960 1203 4022 praecessit.
1214 3967 1284 4012 Forte

222 4041 254 4088 ris
275 4040 384 4086 Eudieru
404 4040 495 4098 XLIV,
518 4039 547 4096 33
566 4037 652 4085 Groeca
679 4041 732 4084 Me·
775 4039 821 4104 leg.
834 4038 911 4085 hostes
922 4051 1110 4102 approperantes
1121 4043 1285 4103 aperuissem

223 4119 320 4167 nandru
338 4131 362 4166 et
377 4116 528 4181 Apollodoru
548 4117 572 4162 in
593 4116 730 4164 didascaliis
776 4116 832 4165 rl'de
845 4115 875 4164 ad
890 4118 978 4174 XXII,
993 4132 1038 4178 19,
1050 4133 1075 4166 u.
1087 4120 1109 4165 5.
