2982 4702
213 318 281 392 ιιι
634 319 672 384 ι’.
706 319 846 387 mvn
1130 297 1255 399 ιχξχςιζς

209 445 388 516 niensium
402 437 437 528 ⁵,
461 441 567 512 tritici
599 438 718 513 decies
749 454 895 511 centum
920 434 1060 510 millius>
1086 453 1123 512 et
1147 437 1280 511 hordei

210 555 409 652 quingenta
425 550 623 621 indicantes
640 573 678 621 se
695 550 742 622 ad
758 573 856 620 mare
877 548 1026 620 devecta
1043 548 1197 640 habere,
1213 566 1276 638 ut,

209 688 284 762 quo
307 676 450 734 senatus
474 661 691 748 censuisset,
712 659 956 757 deportarent.
976 660 1027 729 Id
1032 683 1176 730 *munus
1198 659 1278 754 affl

208 778 376 870 eiumque
390 796 497 842 suum
509 776 600 842 scire
614 775 734 861 minus
747 793 840 856 esse,
859 794 1051 868 quampro
1063 775 1197 842 meritis
1204 763 1278 868 po-

199 882 289 983 puli
302 889 449 954 romani
466 898 503 953 et
515 881 705 952 voluntate
718 905 808 964 sua,
826 879 1006 977 sedsaepe
1020 877 1150 966 aliast
1174 879 1278 950 bonis

208 999 247 1064 in
269 992 376 1064 rebus
400 997 584 1090 utriusque
601 989 753 1090 populi,
772 1014 812 1060 se
828 1005 1018 1086 gratorum
1035 988 1279 1088 fideliumque

207 1109 345 1174 socium
357 1102 719 1196 muneribusfunctos
736 1125 821 1172 esse
840 1105 931 1172 Item
944 1102 1138 1173 Masinissae
1151 1101 1276 1199 legati,

207 1215 317 1286 tritici
334 1213 498 1288 eamdem
512 1237 690 1285 summam
704 1211 869 1310 polliciti,
881 1227 918 1284 et
932 1211 1031 1284 mille
1045 1224 1083 1284 et
1100 1211 1277 1284 ducentos

208 1325 368 1429 equites,
387 1322 582 1396 duodecim
599 1321 829 1421 elephantos;
848 1337 904 1411 et,
922 1347 953 1393 ss
942 1320 1056 1420 quid
1071 1321 1169 1394 aliud
1181 1345 1277 1448 opus

207 1449 319 1521 esset,
336 1435 391 1508 uti
408 1437 602 1532 imperaret
618 1449 788 1506 senatus.
808 1458 911 1530 aeque
927 1457 1112 1531 propenso
1132 1434 1276 1522 auim0,

207 1569 248 1616 ac
276 1569 358 1642 quae
382 1545 460 1641 ipse
486 1543 585 1614 ultro
613 1542 795 1650 pollicitus
821 1546 884 1632 sit,
907 1559 1161 1667 prestaturum
1187 1567 1278 1615 esse.

207 1657 340 1728 Gratiae
358 1669 399 1727 et
415 1646 770 1760 Carthaginiensibus
788 1669 826 1726 et
841 1654 918 1750 regi
937 1669 1046 1725 actae
1036 1655 1277 1752 ,rogatique,

206 1782 250 1838 ut
271 1789 333 1854 ea,
356 1791 436 1862 quae
459 1753 736 1862 pollicerentur,
757 1763 803 1835 ad
826 1761 1019 1834 Hostilium
1036 1763 1248 1834 consulem
1238 1787 1278 1834 sn

206 1876 456 1949 Macedoniam
482 1875 729 1999 deportarent
752 1874 924 1972 Legatis'
914 1899 954 1944 sn
972 1873 1132 2016 singulos
1149 1872 1279 1944 binum

207 1986 361 2059 millium
381 1989 459 2056 aeris
475 2009 628 2056 munera
644 1987 761 2057 missa.

255 2101 332 2168 VII.
366 2097 591 2168 Cretensium
624 2094 770 2190 legatis,
795 2095 1188 2181 commemorantibuS,
1215 2119 1279 2182 se,

207 2221 386 2306 quantum
399 2204 468 2277 sibi
482 2207 699 2302 imperatum
712 2230 733 2276 a
746 2209 783 2276 P.
800 2206 937 2277 Licinio
954 2205 1103 2277 consule
1121 2219 1214 2277 esset
1227 2228 1278 2276 sa-

207 2320 455 2418 gittariorum,
480 2317 519 2386 in
536 2314 784 2388 Macedoniam
803 2318 960 2406 misisse,
985 2337 1101 2415 quum
1122 2317 1278 2387 iuterro-

208 2432 281 2529 gati
303 2453 377 2498 uon
403 2425 670 2513 intimarentur,
691 2428 796 2526 apud
809 2435 944 2500 Persea
961 2427 1138 2522 majorem
1154 2447 1282 2498 nume·

208 2565 291 2611 rum
310 2541 597 2634 sagittariorum,
617 2553 730 2634 quam
752 2537 858 2634 apud
871 2543 1057 2609 Romanos
1068 2592 1078 2625 ,
1101 2535 1276 2620 militare,

209 2657 426 2749 responsum
441 2663 495 2718 est
511 2649 586 2716 :³82²
600 2649 781 2718 cretenses
805 2647 896 2719 bene
912 2673 957 2718 aa
971 2653 1157 2744 gnaviter¹
1174 2645 1281 2716 desti·

209 2775 341 2832 nerent
348 2763 533 2856 potiorem
550 2753 684 2853 populi
706 2763 869 2844 romani,
893 2783 1005 2854 quarn
1026 2761 1119 2853 regit
1136 2760 1279 2841 Persei,

209 2874 408 2943 amicitiam
435 2865 590 2951 habere,
623 2869 789 2936 se'natum
819 2892 965 2964 quoque
990 2875 1184 2937 romanum
1215 2869 1277 2951 iis,

208 2998 387 3079 tanquam
402 2981 505 3048 certis
514 2980 637 3063 sociis,
654 2999 866 3075 repsonsum
878 2978 1149 3047 daturumesse.
1163 2982 1280 3046 Inter-

210 3117 256 3162 ea
267 3096 478 3162 nuntiarent
491 3092 583 3174 suir,
595 3086 743 3184 placere
758 3094 916 3175 senatui,
931 3087 1020 3158 dare
1033 3111 1184 3185 operam
1199 3086 1279 3156 Cre·

935 3197 939 3224 l

246 3293 361 3339 5.Ete:c
374 3289 462 3354 Africa
482 3288 559 3352 legati
573 3288 647 3336 simul
660 3291 720 3338 Car·
765 3306 797 3338 ex
819 3290 917 3340 Crever.
934 3289 1085 3349 rationibus,
1110 3286 1175 3336 fiunt
1200 3283 1280 3334 modii

210 3369 414 3436 thagastensium,
430 3382 480 3415 vox
498 3367 572 3415 simul
587 3367 720 3434 superflua,
765 3379 886 3422 nostrates
899 3369 973 3433 paulo
987 3368 1043 3433 plns
1054 3368 1178 3430 770,833‚
1189 3377 1213 3415 ct
1222 3365 1278 3413 llor-

210 3451 250 3500 vel
257 3448 342 3514 potius
353 3447 448 3496 indicat
464 3445 598 3507 excidisse,
612 3460 636 3497 et
644 3447 722 3497 Masi·
765 3447 807 3496 dei
818 3449 951 3514 quingenta
968 3448 1044 3496 millis
1061 3446 1187 3506 modium,
1200 3444 1281 3497 modu*

210 3531 283 3578 nissoe
305 3538 445 3576 venerunt.-
466 3525 722 3592 Carthaginiensium
764 3538 885 3576 nostrates
893 3527 968 3592 paulo
977 3528 1033 3592 plus
1047 3525 1169 3584 susum.
1182 3525 1230 3574 En.

209 3610 308 3660 Crevsr·
481 3653 484 3660 ,
583 3617 585 3622 “
801 3621 826 3667 7.
839 3606 889 3653 Sed
902 3621 968 3670 serpe
986 3607 1065 3663 alias,
1089 3603 1197 3653 bonisin
1208 3604 1280 3652 rebus

246 3691 271 3738 6.
285 3685 369 3734 Tritici
382 3685 461 3732 decies
474 3679 675 3746 circummittit,-
688 3687 720 3734 cl.
765 3686 890 3748 utriusque
905 3685 1012 3750 populi,
1045 3695 1092 3734 etc.
1123 3685 1183 3732 Haec
1206 3693 1278 3732 notat

208 3785 235 3818 n.
249 3784 272 3824 ι.
287 3767 371 3816 Decies
385 3775 480 3812 centiens
495 3765 573 3814 millia
589 3782 636 3832 pro
654 3765 720 3830 vulg.
765 3765 835 3813 Crev.
852 3781 940 3829 pamm
961 3764 1084 3813 coherere
1104 3780 1161 3812 oum
1178 3763 1209 3812 iis
1223 3779 1279 3827 quse

209 3847 236 3896 d.
247 3857 349 3894 centena
364 3861 396 3892 m.
407 3855 435 3893 ut
446 3845 577 3904 XXXIII,
590 3854 621 3901 Ia
632 3879 639 3904 ,
651 3861 678 3893 n.
692 3845 720 3903 5,
764 3845 916 3910 praecedunt.
928 3845 974 3894 En.

210 3937 234 3974 et
244 3927 341 3984 XLIII,
354 3926 385 3983 8,
396 3941 422 3973 ιι.
435 3924 460 3973 3.
477 3925 551 3974 Gonf.
565 3926 678 3972 Gronov.
690 3922 721 3970 de
801 3924 922 3974 cinvn.
936 3941 958 3972 1.
971 3927 1035 3970 Bene
1047 3939 1079 3969 ac
1084 3922 1205 3987 gnaviter,
1218 3931 1278 3969 stre·

210 4007 266 4054 Pac.
274 4005 333 4052 Vct.
342 4004 383 4063 11,
395 4005 424 4063 8,
433 4018 489 4068 pag.
500 4003 543 4051 83.
556 4029 590 4046 -ι-
599 4003 721 4050 Caeterum
765 4020 829 4062 nus,
844 4004 953 4053 studiose
969 4019 997 4051 ac
1014 4003 1121 4063 sincere,
1130 4001 1283 4050 destinarent

209 4081 285 4132 tritici
295 4081 374 4130 decies
387 4093 489 4130 centena
502 4079 581 4130 millia
595 4079 720 4143 modium,
763 4083 896 4149 potiorem,
919 4094 967 4131 etc.
983 4080 1033 4129 vid.
1053 4081 1105 4142 111,
1125 4088 1172 4142 tr,
1188 4096 1213 4128 n.
1232 4091 1275 4138 1¹3
