2970 4712
242 308 308 403 372
468 331 469 340 ¹
664 313 700 375 T.
733 312 872 376 LIVIl

241 455 312 529 que
327 431 472 527 petitam
485 484 494 515 ,
509 429 648 499 silicum
664 428 797 499 crebris
812 445 847 500 et
861 430 1071 526 ponderosis
1088 432 1299 504 verberibus

240 538 497 638 procubuisse,
525 536 767 635 omnibusque
795 555 830 610 et
856 539 1067 610 cohortibus
1089 557 1125 612 et
1150 543 1300 639 legioni-

239 649 309 720 bus
327 649 405 744 ipsa
422 646 634 744 Carthagine
652 650 763 718 visam
783 649 1044 720 terribiliorem.
1059 655 1178 748 Atque
1196 655 1300 723 etiam

241 783 369 829 cruore
397 783 462 828 suo
485 758 685 854 gurgitibus
708 757 873 845 imbutis,
900 761 1134 856 corporisque
1155 761 1301 854 jacentis

241 868 409 968 pestifero
429 866 550 938 afflatu
575 870 689 937 vicina
711 869 857 966 regione
874 869 1032 966 polluta,
1051 895 1201 942 romana
1220 871 1301 940 inde

242 979 464 1050 submovisse
483 992 607 1048 castra.
624 979 718 1050 Dicit
731 978 859 1051 belluae
875 980 983 1050 etiam
1000 983 1137 1051 corium
1157 996 1299 1051 centum

240 1091 364 1188 viginti
380 1088 490 1186 pedes
507 1089 655 1184 longum
672 1089 708 1156 in
727 1086 857 1160 urbem
874 1091 1034 1158 missurn.

293 1229 347 1276 val.
363 1229 431 1277 Max.
445 1229 472 1285 1,
488 1229 516 1289 8,
529 1239 592 1274 extr.
608 1243 647 1288 19.

602 1419 671 1485 AD
704 1419 800 1486 LIB.
834 1419 938 1486 XIX.

288 1617 398 1686 Tertii
414 1613 491 1684 ludi
514 1612 690 1684 seculares
704 1611 872 1700 fuerunt,
891 1611 1032 1684 Antiatc
1048 1615 1222 1711 Livioque
1242 1641 1304 1685 uu-

242 1725 417 1832 ctoribuS,
437 1729 472 1794 P.
492 1723 641 1794 Claudio
661 1722 816 1793 Pulchro
836 1727 922 1794 etC.
938 1725 1045 1794 Junio
1060 1725 1161 1794 Pullo
1181 1750 1305 1796 consu

242 1835 347 1906 libus.

295 1963 420 2010 Censorin.
433 1960 463 2006 de
476 1962 521 2008 Dic
536 1971 586 2007 nat.
601 1976 654 2022 cap.
668 1959 794 2019 17.—Cf.
805 1959 913 2008 Freinsh.
923 1960 1009 2025 Suppl.
1019 1917 1094 2019 XIX,
1105 1961 1146 2008 31.

290 2083 352 2147 Est
365 2080 403 2146 in
416 2077 535 2159 Livio,
550 2075 670 2171 quod,
689 2100 802 2171 quum
818 2075 964 2171 quidam
980 2075 1132 2174 cupidus
1144 2075 1233 2148 belli
1246 2103 1305 2174 ge·

242 2185 345 2258 rendi
362 2212 381 2257 a
400 2184 547 2256 tribuno
562 2185 701 2310 pleb-is'
692 2203 886 2274 arceretur,
903 2213 949 2258 ne
967 2189 1035 2258 iret
1043 2188 1213 2285 ,'pullos
1201 2193 1306 2284 jussit

243 2295 372 2367 afferri
389 2298 460 2386 Qui
477 2321 590 2420 quum
604 2298 727 2379 missas
745 2321 819 2366 non
834 2297 982 2388 ederent
998 2296 1135 2421 fruges,
1153 2300 1305 2371 irridens

243 2407 370 2478 consul
395 2371 584 2503 auguriunl
609 2407 678 2476 ait:
700 2405 766 2478 Vel
787 2379 935 2494 bibant,
960 2422 996 2477 et
1010 2432 1074 2478 cos
1091 2409 1127 2476 in
1147 2408 1304 2480 Tiberim

244 2517 485 2642 praecipitavit.
512 2483 631 2590 lile
624 2515 775 2586 navibus
797 2517 912 2588 victor
939 2533 1121 2590 revertens
1145 2519 1192 2588 ad
1212 2517 1305 2591 Afri

244 2652 322 2697 carn
339 2627 378 2696 in
397 2625 485 2697 mari
500 2619 583 2697 cuin
599 2625 768 2714 omnibus
779 2652 900 2764 ‚quos
919 2625 1093 2718 (lucebat,
1111 2630 1305 2702 exstinctus

246 2750 308 2808 est.

298 2873 365 2918 Serv.
379 2871 411 2918 ad
417 2871 488 2936 Virg.
501 2873 611 2928 AEn.VI‚
627 2871 686 2932 198.
701 2871 755 2916 Hoc
766 2869 798 2918 ad
808 2870 937 2919 Claudium
951 2870 1081 2920 Pulchrum
1093 2883 1214 2936 spectare,
1223 2874 1266 2921 sed
1275 2875 1305 2921 ab

246 2953 298 3002 aliis
309 2953 378 3002 aliter
387 2955 494 3014 narrari,
509 2965 592 3002 monet
605 2953 641 3000 ihi
654 2948 736 3000 Burin.
753 2953 825 3002 Gons.
841 2955 925 3018 Intpp.
940 2955 1005 3002 Suet.
1013 2951 1068 3002 Tib.
1086 2970 1117 3012 α,
1133 2966 1158 3002 et
1170 2955 1262 3005 Duker.
1273 2958 1305 3004 ad

245 3039 311 3086 Flor.
324 3041 364 3096 11,
378 3055 407 3097 2,
425 3039 499 3104 §²92
517 3039 557 3086 cui
571 3049 655 3092 totum,
662 3037 728 3095 hoc,
745 3035 813 3099 qnod
823 3049 853 3084 ex
868 3034 938 3084 Livio
952 3038 1025 3084 relert
1036 3038 1150 3096 Servius,
1164 3051 1303 3104 suspectum

246 3125 383 3182 videbatur,
397 3133 517 3184 tamquam
528 3137 560 3167 cx
568 3119 664 3168 Claudii
674 3119 771 3172 Pulchri
781 3119 880 3166 historia
891 3120 987 3182 lictum,
1002 3120 1040 3168 vel
1052 3121 1114 3168 mule
1126 3122 1281 3186 descriptum.

590 3315 659 3380 AD
690 3313 782 3380 LIB.
817 3315 958 3381 XLIX

295 3512 349 3578 De
375 3519 583 3603 qtrartorum
615 3503 785 3574 ludorum
811 3475 1023 3572 secularium
1054 3523 1149 3572 anno
1152 3501 1308 3600 triplex

246 3618 372 3715 opinio
389 3630 451 3687 est.
469 3616 589 3685 Antias
604 3615 698 3684 enim
714 3628 750 3684 et
759 3613 889 3682 Varro
894 3628 930 3683 et
939 3607 1067 3682 Livius
1081 3611 1213 3698 relatos
1229 3639 1307 3684 esse

246 3726 486 3826 prodiderunt
508 3730 546 3795 L
569 3724 704 3796 Marcio
723 3723 941 3809 Censorino,
961 3717 1009 3792 Μ.
1031 3719 1138 3816 (Μ’.)
1158 3721 1308 3794 Manilio

248 3834 474 3920 consulibus,
495 3847 577 3930 post
594 3833 742 3903 Romam
763 3831 944 3904 conditam
963 3857 993 3902 a.
1014 3829 1119 3903 DCV.

298 3947 425 4022 Censorin.
439 3971 526 4020 chie
538 3981 587 4020 nat.
599 3977 652 4035 cap'.
666 3970 827 4032 17.—Conl.
837 3968 961 4034 Epit.Liv.
