2982 4702
218 347 243 382 Δ.
257 342 282 381 C.
297 355 341 394 ¹7¹·

219 403 247 443 u,
259 403 284 443 C.
296 405 341 443 tsx.

457 361 608 430 LIBER
639 363 755 430 XLII.
782 362 886 430 CAP.
911 363 1021 434 Lu„

1211 386 1253 458 91

191 511 267 556 non
277 488 365 583 plus
382 498 516 581 septem
532 483 841 580 milliapeditum,
858 485 933 558 duo
951 491 1109 582 equitum
1111 488 1257 576 sutura.

191 596 339 667 Auditis
355 595 513 666 hostium
531 600 659 692 copiti,
679 599 894 690 respicerent
907 619 1011 668 suum
1032 601 1102 692 ipsi
1121 605 1257 667 exerci-

192 724 287 793 tum,
303 720 480 803 quantum
495 727 657 789 numero,
675 719 849 800 quantum
860 727 987 798 genere
1002 702 1152 774 militum
1159 729 1257 801 pra·

190 830 323 886 starent
346 815 544 899 tironibus,
570 818 705 910 raptim
728 813 783 882 ad
804 811 845 882 r'd
866 810 999 882 bellum
1026 819 1255 910 conscriptis,

190 933 280 1024 ipsi,
298 951 323 995 a
327 932 455 1024 pueris
467 925 599 995 eruditi
612 922 750 994 artibus
763 921 920 1007 militia,
938 936 991 993 tot
1001 922 1140 994 subacti
1150 940 1259 1020 atque

191 1036 316 1106 durati
332 1033 431 1106 bellis
442 1031 466 1102 ⁵.
485 1032 643 1104 Auxilia
661 1038 835 1104 Romanis
852 1032 971 1121 Lydos
990 1046 1027 1102 et
1039 1033 1206 1130 Phrygas
1226 1051 1262 1104 et

190 1145 373 1218 Numidas
394 1171 491 1228 esser
509 1143 581 1214 sibi
599 1143 761 1216 Thracas
783 1142 1002 1239 Gallosque,
1011 1146 1259 1232 ferocissimas
1356 1195 1361 1206 .

188 1261 360 1350 gentium.
377 1260 497 1326 Arma
512 1253 594 1325 illos
608 1251 744 1324 babere
759 1277 821 1338 ea,
841 1275 926 1348 quae
939 1250 1010 1320 stbt
1022 1257 1175 1350 quiapue
1181 1279 1257 1349 pa·

192 1373 323 1436 raverit
335 1391 482 1463 pauper
503 1361 651 1436 miles⁶:
672 1364 894 1434 Macedonas
903 1377 1077 1461 prompta
1098 1387 1145 1432 ea:
1162 1369 1258 1459 regio

192 1487 394 1574 apparatu,
415 1499 485 1572 per
504 1491 556 1544 tot
572 1498 690 1546 annos
705 1479 824 1569 patris
849 1478 908 1542 sui
933 1495 1021 1542 cura
1045 1487 1078 1540 et
1101 1477 1258 1569 impensa

178 1591 298 1679 saeta.
325 1591 573 1658 Commeatum
595 1585 668 1656 illis
691 1609 805 1681 quum
813 1585 814 1588 ’
817 1582 954 1680 procul
959 1639 970 1670 ,
993 1599 1069 1653 tum
1092 1583 1258 1653 omnibus
1348 1611 1351 1616 ‘¹

190 1697 261 1768 sub
278 1699 410 1770 casibus
423 1703 609 1770 maritimis
609 1699 717 1787 firre:
736 1720 774 1764 se
788 1709 826 1765 et
833 1701 1029 1792 pecuniam
1051 1709 1087 1765 et
1094 1697 1259 1789 frumen-

191 1794 288 1894 tum,
303 1823 437 1905 praeter
455 1807 587 1878 reditus
601 1805 844 1890 metallorum,
867 1811 905 1874 in
925 1804 1049 1876 decem
1070 1829 1187 1874 annos
1205 1830 1258 1874 se-

184 1909 364 2014 posuisse.¹
384 1922 529 2002 Omma,
548 1942 631 2010 quoe
645 1917 787 1986 deorum
802 1914 1045 2020 indulgentia,
1061 1939 1144 2011 quae
1162 1919 1259 2009 regia

229 2117 253 2165 5.
266 2119 312 2164 Tot
321 2117 416 2166 subacti
429 2128 504 2180 atque
521 2115 605 2163 durati
618 2115 701 2171 tellis,-

189 2195 249 2244 ‘vide
260 2196 292 2244 ad
299 2198 362 2254 VII,
377 2213 425 2259 29,
436 2213 460 2244 n.
474 2196 499 2244 3,
514 2194 598 2260 stabigi
605 2207 641 2242 est
650 2212 702 2242 cre-

191 2275 237 2322 bro
255 2275 376 2333 exerceri,
390 2273 498 2338 irrigari,
516 2276 612 2336 vexari,
628 2285 700 2324 metu·

191 2353 269 2417 phora
282 2356 382 2415 clarina
395 2366 419 2402 et
433 2356 503 2414 luto,
514 2355 553 2402 vel
564 2367 627 2404 terra
636 2371 700 2418 saepe

190 2444 258 2479 arata
272 2442 295 2479 et
307 2433 385 2492 culta,
399 2434 539 2496 desumpta,
550 2450 605 2497 quar
618 2433 650 2480 ad
662 2434 700 2480 in-

191 2512 289 2574 genium
302 2528 414 2576 quoque,
427 2528 474 2560 usu
486 2513 623 2576 frequenter
632 2529 700 2559 exer-

191 2590 291 2638 citatum
301 2591 481 2654 excultumque,
490 2592 639 2639 transfertur.

226 2670 251 2716 6.
261 2672 339 2716 Arma
351 2670 405 2718 illos
415 2670 504 2718 habere
520 2685 564 2726 ea,
582 2687 637 2733 qua
656 2671 702 2717 siti

191 2748 291 2812 quisquc
298 2748 426 2813 paraverit
434 2765 530 2814 pauper
547 2749 627 2805 ηιιἹοε,Ι
642 2761 701 2796 nota

190 2827 284 2874 Dukeri
298 2838 333 2876 est
343 2840 349 2874 τ
360 2852 372 2870 ιι
381 2829 473 2875 Milites
491 2829 585 2876 romani
604 2828 651 2874 sibi
671 2828 701 2878 de

190 2922 237 2955 suo
258 2903 376 2970 quemque
393 2907 515 2972 paravisse
529 2924 610 2965 arma,
621 2918 645 2954 et
658 2924 701 2954 sua

192 2985 282 3049 cuique
299 2986 367 3033 classi
385 3003 412 3034 ea
433 3002 465 3055 ⁰¹.
488 3001 563 3033 censu
584 2987 701 3050 imperata

191 3065 280 3124 luisse,
291 3074 358 3129 patet
370 3081 401 3112 ex
413 3066 466 3113 Liv.
478 3069 508 3124 1,
522 3065 554 3120 43
564 3101 571 3126 ,
581 3075 605 3112 et
614 3064 701 3128 Polyb.

191 3144 228 3190 VI
235 3179 243 3202 ,
262 3160 292 3191 21
305 3160 341 3207 sq.
361 3160 474 3198 necnon
492 3159 523 3191 ex
539 3143 604 3192 Gell.
622 3145 696 3202 XVI,

194 3239 237 3282 10,
263 3223 307 3286 qui
326 3223 470 3288 proletarios
499 3222 585 3269 scribit
609 3223 699 3285 asperis

191 3301 252 3366 reip.
272 3301 422 3366 temporibus
445 3302 578 3366 publicitus
595 3313 700 3348 armatos

191 3381 281 3430 luisse:
303 3381 329 3428 bi
351 3383 431 3439 enim,
450 3383 507 3445 quia
523 3382 551 3428 in
569 3382 699 3441 classibus,

192 3458 281 3522 quibus
289 3477 354 3508 arma
364 3476 395 3508 ex
405 3477 479 3508 censu
487 3462 603 3526 imperata
615 3473 683 3509 eraut
693 3497 700 3520 ,

190 3553 243 3584 non
253 3540 421 3600 censebantur,
434 3540 480 3604 ipsi
494 3557 558 3588 arma
567 3555 618 3588 non
626 3540 700 3588 babe-

190 3617 258 3666 bant.
273 3620 324 3666 Nec
337 3618 454 3677 memini,
471 3620 497 3666 in
510 3620 579 3666 Livio
600 3636 701 3682 usquam

190 3712 312 3744 armornm
319 3714 375 3745 cura
382 3697 481 3762 publica
488 3708 628 3762 paratorum
637 3715 702 3745 men·

745 2080 830 2180 postea
842 2113 880 2162 ob
895 2112 1038 2160 seditionem
1055 2113 1192 2171 Saturnini3
1206 2113 1257 2161 vid.

746 2195 797 2243 Cic.
811 2208 859 2257 pro
877 2191 960 2239 Rabir.
976 2191 1047 2240 Perd.
1064 2210 1088 2253 7.
1102 2194 1136 2238 Ea
1152 2193 1178 2238 in
1192 2192 1258 2240 Urbe

745 2288 797 2320 non
808 2271 893 2329 luisse,
917 2271 964 2317 nisi
976 2265 1118 2318 difficilibus
1126 2271 1187 2334 reip.
1197 2281 1257 2318 tem-

744 2350 863 2414 poribus,
877 2349 1005 2415 probabile
1025 2347 1054 2397 fit
1071 2365 1103 2396 ex
1124 2350 1175 2399 Cic.
1193 2350 1257 2400 Phil.
1350 2363 1351 2368 ’

744 2431 809 2488 Vn,
823 2438 851 2487 t,
868 2430 933 2477 unde
947 2429 1038 2494 liquet,
1057 2430 1183 2478 insolitum
1192 2430 1219 2477 id
1233 2442 1257 2478 et

744 2508 961 2556 extraordinarium
975 2509 1056 2558 fuisse.
1069 2510 1199 2557 Enimvero
1208 2511 1256 2558 Po-

744 2587 854 2652 tyuvt,
874 2588 904 2648 37
928 2588 1000 2652 (cap.
1019 2589 1051 2650 39
1069 2600 1132 2636 extr.
1150 2589 1177 2634 in
1196 2588 1255 2636 edit.

745 2666 902 2732 Schweigh.)
922 2668 994 2729 dicit,
1013 2679 1158 2730 qnaestorem
1172 2669 1202 2716 de
1216 2669 1257 2716 sti·

745 2746 837 2809 prndio
854 2747 959 2794 militum
976 2763 1023 2810 pro
1040 2749 1177 2806 frumento,
1190 2759 1256 2795 veste

745 2823 792 2893 κᾷν
806 2817 954 2884 stratiotes
968 2821 1155 2894 opoedrnbirbt,
1166 2837 1254 2874 certam

745 2906 873 2967 pecuniam
893 2904 1035 2963 deduxisse;
1050 2916 1075 2952 et
1094 2893 1160 2973 apud
1173 2905 1253 2954 Tacit.

745 2984 811 3030 Aun.
825 2986 851 3040 1,
872 2986 920 3042 16,
936 2985 1083 3030 Percennius
1093 2983 1161 3030 miles
1175 2985 1255 3047 queri·

746 3071 794 3119 tur,
808 3062 877 3108 denis
888 3063 914 3109 in
926 3061 989 3108 diem
1004 3063 1097 3108 assibus
1110 3062 1219 3109 animam
1233 3075 1258 3109 et

746 3157 833 3205 corpus
850 3139 985 3196 astr'mart'5
1007 3138 1063 3186 ltine
1081 3151 1186 3199 vestem,
1212 3159 1255 3188 ar-

745 3236 801 3276 ma,
821 3219 926 3266 tentoria
944 3218 1038 3266 redimi.
1054 3223 1209 3268 Frumentum
1231 3233 1255 3270 et

743 3299 816 3346 vestis
836 3299 866 3346 de
886 3299 987 3364 publico
1007 3299 1189 3363 praebebantur,
1211 3302 1255 3350 scd

743 3379 804 3425 mihi
819 3395 869 3426 non
886 3378 987 3425 dubium
1009 3390 1058 3441 est,
1076 3379 1136 3442 quin
1154 3391 1256 3445 uterque

745 3460 775 3508 de
785 3459 857 3506 armis
866 3459 985 3516 militum,
996 3459 1038 3522 qui
1049 3459 1164 3508 adversus
1173 3458 1255 3508 hostes

745 3555 794 3585 rem
810 3538 938 3602 gerebant,
950 3549 975 3585 et
985 3538 1089 3585 maxime
1103 3554 1200 3598 eorum,
1212 3541 1255 3604 qui

744 3617 771 3664 in
794 3617 928 3682 provinciis
949 3617 1102 3675 militabant,
1124 3618 1255 3682 loquatur,

745 3713 804 3746 nont
822 3712 921 3752 eorum,
944 3696 986 3758 qui
1006 3697 1112 3759 primurn
1140 3696 1172 3743 ad
1191 3697 1254 3745 bella

190 3777 283 3826 tionem
297 3775 523 3836 fiert,nisixx11‚
539 3778 580 3838 57,
590 3777 657 3840 quod
672 3777 702 3825 de
746 3775 918 3824 mittebantur:
932 3789 988 3822 nam
998 3775 1146 3822 trumentum
1158 3791 1256 3840 quoque

190 3856 277 3912 serris,
290 3855 390 3919 publice
402 3856 507 3919 emptis,
519 3855 547 3902 nt'
558 3856 703 3920 militarent,

190 3933 358 3997 accipiendum
370 3951 433 3982 reor.
443 3934 483 3981 Ad
494 3949 521 3981 ea
536 3944 616 3981 autem
627 3935 699 3982 fabri-

189 4012 267 4060 canda
282 4024 334 4060 turn
349 4014 375 4060 iu
389 4013 454 4061 Urbe
465 4024 533 4060 extra
542 4012 652 4060 ordinem
662 4031 699 4061 ar·

182 4092 346 4139 atramentaria
374 4092 468 4140 institui
496 4102 643 4156 potuerunt,
671 4105 699 4141 ut

748 3867 772 3902 et
783 3865 874 3902 vestem
887 3853 976 3918 milites
991 3852 1088 3900 demum
1105 3855 1131 3901 in
1148 3854 1213 3902 bello
1232 3867 1257 3904 et

743 3933 878 3999 provinciis
907 3933 937 3980 de
965 3933 1068 3997 publico
1094 3934 1254 3998 accipiebant.

743 4017 861 4062 Praeterea
874 4011 994 4078 Polybius
1012 4011 1147 4076 significat,
1162 4013 1254 4076 siquid

743 4108 864 4146 armorum
882 4091 973 4140 inutile
988 4092 1078 4146 lactum
1105 4093 1198 4149 fuisset,
1224 4091 1256 4145 iis
