2976 4712
464 361 748 428 tirnnonuu
780 345 947 427 trun.¹
1158 360 1221 445 tor

165 483 253 556 ‘fecit
264 492 290 552 ².
311 488 481 552 Lustrum
498 505 518 550 a
536 480 744 551 censoribus
761 481 947 551 conditum
964 497 1029 552 est.
1049 486 1163 553 Censa
1180 485 1229 553 ei-

171 595 267 664 vium
288 593 403 690 capita
417 605 575 662 trecenta
590 592 715 688 viginti
728 607 809 662 octo
826 591 953 679 millia,
969 591 1230 690 quadringenta

171 702 407 800 quadraginta
430 701 515 772 duo.
541 703 665 791 Quum
687 701 924 772 Macedonum
945 703 1051 799 legati
1068 715 1231 800 conque-

166 829 265 884 stum
295 812 340 883 de
362 813 407 882 D.
433 813 542 882 lunio
571 811 692 882 Silano
711 809 889 909 praetore³
913 813 1110 900 venissent,
1125 815 1231 910 'quod

173 923 324 1019 acceptis
344 922 506 1018 pecuniis
521 923 741 1018 provinciam
758 921 958 1019 spoliasset,
977 936 1012 992 et
1031 939 1173 996 senatus
1187 925 1232 996 dc

173 1031 327 1128 querelis
355 1056 481 1102 eorum
507 1033 614 1103 vell-et
639 1056 875 1130 cognoscere3
903 1037 941 1101 T.
967 1033 1121 1105 Manlius
1143 1042 1232 1107 Tor-

100 1136 103 1142 *
174 1156 322 1238 quatus,
342 1156 444 1239 pater
457 1142 583 1230 Silani,
603 1145 705 1240 petiit
721 1144 996 1240 impetravitque
1008 1198 1017 1230 ,
1031 1159 1073 1214 ut
1091 1145 1158 1223 sibi
1175 1172 1234 1217 co-

174 1253 288 1348 gnitio
316 1250 567 1339 mandaretur,
593 1268 647 1340 et,
674 1253 772 1324 domi
800 1278 905 1326 causa
931 1255 1095 1351 cognita,
1120 1255 1235 1327 filium
1321 1313 1324 1328 .

173 1362 428 1440 condemnavit
448 1361 718 1460 abdicavitque3
735 1389 776 1435 ac
794 1389 841 1434 ne
859 1361 977 1459 funeri
996 1363 1144 1460 quidem
1159 1368 1236 1461 ejus

177 1473 318 1570 (quum
333 1472 529 1571 suspendio
542 1475 651 1544 vitam
666 1473 821 1570 finisset)
837 1472 1015 1563 interfuit3
1035 1475 1237 1574 sedensque

176 1584 276 1654 domi
306 1599 518 1682 potestatem
550 1583 838 1656 consultantibus
871 1611 913 1656 ex
945 1586 1114 1669 instituto
1142 1584 1236 1657 fecit.

177 1696 221 1784 Q.
257 1693 411 1764 Fabius‘*
443 1695 639 1792 proconsul
669 1694 778 1766 rebus
805 1696 843 1766 iu
870 1695 1041 1792 Hispania
1066 1721 1238 1796 prospere

178 1905 295 1968 Pompeio
305 1905 392 1953 frustra
402 1915 517 1953 tentatam
527 1904 624 1962 scribit3
633 1905 685 1951 Du·
728 1902 817 1950 habere
826 1903 954 1966 coepisset?
963 1904 1019 1949 Hoc
1031 1903 1125 1966 tangit,
1136 1901 1178 1950 sed
1188 1919 1239 1950 nou

178 1983 229 2031 ker.
243 1985 305 2032 Cum
316 2000 346 2031 eo
357 1985 479 2033 consentit
488 1984 592 2032 Diodor.
603 1986 685 2048 Legat.
730 1982 836 2031 dilucide
848 1983 956 2046 explicat
966 1982 1049 2046 Sigon.
1064 1981 1094 2029 de
1106 1981 1191 2031 Judic.
1202 1984 1239 2040 ΙΙ,

182 2065 221 2110 30.
233 2065 269 2110 De
283 2064 376 2127 oppido
387 2064 435 2112 hoe
447 2065 501 2113 vide
512 2064 543 2112 ad
553 2067 610 2112 Tac.
620 2065 685 2112 Anu.
731 2079 772 2123 ²7·
785 2062 870 2116 ,Credo
887 2061 1030 2126 responderi
1047 2078 1132 2126 posse,
1149 2063 1241 2126 legatos

180 2143 283 2201 turs,
295 2159 321 2191 n.
335 2159 358 2192 ι.
730 2140 896 2190 Macedonum
904 2152 1014 2189 senatum
1023 2141 1122 2204 quidem
1133 2159 1163 2190 ex
1173 2158 1241 2190 more

216 2239 240 2271 a.
251 2223 309 2272 Cum
328 2223 416 2272 eisdem
432 2235 458 2271 et
471 2224 626 2272 Numantinis
638 2240 687 2287 pa-

181 2319 231 2350 cem
248 2302 279 2350 ab
298 2301 441 2370 infirmitate
454 2301 523 2368 (vid.
542 2303 594 2350 Liv.
608 2305 633 2362 1,
656 2319 687 2364 1,

181 2397 207 2431 u.
221 2385 236 2432 5
246 2381 340 2448 )fiait.·
349 2385 409 2430 Exc.
420 2382 485 2429 Pith.
496 2391 520 2429 ct
529 2381 606 2431 Norv.
616 2393 688 2446 atque

181 2461 301 2510 editiones
312 2471 366 2509 ante
379 2463 450 2509 Grut.
467 2461 497 2508 ab
515 2460 688 2528 infirmitatem.

181 2541 317 2604 Utrumque
335 2539 490 2604 nugatorium
512 2551 562 2600 est,
582 2552 606 2588 et
626 2541 689 2588 forte

173 2621 229 2682 leg.
243 2636 332 2684 pacem
344 2619 496 2683 improbante
502 2636 548 2682 pa.
565 2637 602 2668 ra.
609 2619 688 2684 fecit,

154 2684 155 2692 ἵ
183 2700 221 2747 vel
236 2699 319 2762 potius
324 2713 413 2762 pacem
423 2714 440 2744 a
453 2714 481 2760 p.
492 2714 529 2746 ra.
542 2698 689 2765 infirmatam

176 2777 240 2842 ficit
247 2794 257 2832 ,·
270 2779 380 2824 Gronov.
395 2781 432 2825 De
444 2792 521 2842 pace,
534 2793 606 2839 quam
618 2779 689 2826 Pom-

184 2856 269 2920 peius,
288 2855 321 2903 ob
341 2871 379 2902 res
398 2857 459 2904 male
479 2867 559 2918 gestas
570 2854 690 2916 judicium

185 2945 309 2993 metuens,
327 2933 411 2982 fraude
431 2935 492 2982 mala
515 2935 616 2991 lecerat,
639 2933 690 2982 vid.

186 3015 292 3078 Appiam
312 3013 382 3077 Hisp.
397 3029 445 3074 79;
455 3012 519 3060 Vell.
532 3015 570 3069 11,
592 3027 621 3069 ις
639 3013 691 3062 Cic.

186 3095 236 3141 off.
251 3095 398 3152 111‚30‚et
411 3093 464 3140 Fin.
478 3095 516 3149 11,
531 3109 575 3152 17,
589 3102 614 3138 et
624 3093 692 3138 Brut.

189 3175 236 3234 763
249 3172 318 3236 Pigh.
333 3173 398 3220 Anu.
412 3170 444 3218 ad
460 3187 482 3218 a.
502 3173 569 3228 oxi„
588 3169 693 3231 Quintil.

187 3252 598 3313 111,8,n.3,v11,s,n.12sq.

220 3331 246 3376 3.
259 3329 421 3378 Macedonum
443 3329 519 3394 legati
538 3338 694 3392 conquestum

189 3409 219 3456 de
242 3411 274 3456 D.
298 3409 372 3456 Iunio
395 3409 479 3457 Silano
500 3419 620 3472 pratore,
643 3406 695 3455 filio

731 2231 827 2269 vetusto
848 2220 951 2280 adiisse,
969 2219 1011 2268 sed
1028 2221 1156 2269 verisimile
1176 2239 1240 2280 esse,

732 2313 841 2361 senatum
850 2301 1017 2364 cognitionem
1026 2301 1098 2365 hujus
1107 2319 1183 2351 causae
1192 2317 1242 2350 non

732 2390 916 2444 suscepturum,
933 2397 1017 2428 rerum
1043 2382 1074 2430 ad
1096 2394 1242 2446 praetorem,

732 2459 776 2522 qui
792 2461 951 2522 quaestionem
970 2460 1001 2508 de
1013 2462 1154 2525 repetundis
1172 2462 1244 2508 sorti·

732 2551 772 2586 tus
782 2551 843 2597 erat,
854 2539 1001 2599 rejecturum
1012 2541 1101 2599 fuisse,
1117 2541 1163 2588 nisi
1174 2552 1244 2604 pater

734 2619 808 2666 Silani
826 2619 936 2682 petiisset
953 2619 1166 2682 impetrassetque‚
1178 2627 1205 2666 ut
1216 2635 1244 2665 ea

734 2697 781 2744 sibi
791 2696 953 2743 mandaretur.
963 2698 1086 2745 Caeterum
1098 2698 1177 2744 minus
1187 2699 1244 2760 pio-

733 2772 786 2840 prie
795 2775 820 2822 h.
829 2775 846 2821 l.
858 2775 987 2822 abdicatus
1000 2775 1089 2822 dieitur
1097 2775 1175 2832 filins,
1187 2776 1245 2837 qui,

734 2855 766 2900 D.
782 2854 864 2902 Silano
882 2853 908 2900 in
930 2852 1088 2916 adoptionem
1110 2854 1245 2916 emancipa-

736 2943 775 2980 tus
786 2968 793 2992 ,
804 2948 850 2979 nec
863 2932 982 2988 nominis,
993 2949 1038 2978 nec
1051 2949 1187 2990 sacrorum,
1200 2950 1245 2980 nec

736 3011 832 3058 familiae
843 3012 918 3076 patris
931 3011 1047 3058 naturalis
1061 3011 1131 3059 heres
1145 3024 1194 3060 erat
1202 3047 1209 3070 ,
1218 3025 1246 3060 ut

736 3090 835 3146 Livius,
854 3091 932 3147 XLV,
950 3105 994 3148 10,
1012 3090 1152 3154 loquitur».
1162 3119 1195 3127 —-
1207 3094 1246 3138 Se-

738 3170 843 3234 densque
853 3170 958 3218 domiin
966 3171 1028 3219 solio
1037 3184 1182 3235 potestatem
1190 3189 1247 3219 eon-

736 3249 882 3297 sultantibus
898 3249 961 3312 fecit
982 3267 1015 3297 ea:
1035 3249 1159 3308 instituto,
1181 3267 1248 3299 more

738 3328 871 3388 JCtornm,
891 3329 959 3390 domi
979 3329 1010 3377 de
1027 3331 1081 3390 jure
1100 3330 1249 3396 responden·

739 3407 815 3467 tium;
832 3407 884 3456 vid.
902 3411 960 3456 Em.
979 3409 1046 3458 Clav.
1067 3409 1118 3456 Cic.
1135 3425 1190 3457 voc.
1212 3427 1251 3456 so-

192 3490 220 3536 Τ.
242 3489 332 3536 Manlii
356 3487 490 3553 Torquati,
515 3488 656 3552 adoptatum
682 3503 695 3534 a
740 3485 815 3542 lium,
832 3497 857 3534 et
867 3490 956 3551 Wagu.
966 3486 997 3534 ad
1008 3487 1060 3536 Cic.
1072 3486 1101 3536 de
1111 3490 1250 3552 Leg.I,3,

189 3569 220 3615 D.
239 3567 315 3616 Junio
334 3568 431 3628 silano,
447 3566 605 3615 uenissent...
615 3564 697 3632 feteit3
739 3581 818 3614 n.10.
842 3565 1049 3623 Consultantibus,
1071 3577 1099 3614 ut
1112 3569 1251 3616 consultare

190 3646 255 3693 conl.
266 3646 321 3692 Val.
339 3647 406 3693 Max.
421 3647 453 3702 V,
473 3648 504 3705 8,
517 3645 533 3710 S
544 3661 557 3692 a
570 3661 576 3703 ;
594 3645 646 3694 Cic.
666 3643 699 3692 de¹
740 3661 797 3692 aues
807 3656 832 3692 et
845 3645 971 3710 oraculum
982 3644 1047 3708 apud
1062 3646 1124 3693 Plin.
1135 3648 1193 3696 Pan.
1205 3651 1250 3708 76,

189 3725 242 3771 Fin.
260 3726 285 3779 I,
302 3741 331 3783 7,
350 3735 375 3771 et
386 3723 456 3788 Pigh.
473 3726 538 3771 Anu.
553 3724 584 3770 ad
601 3741 622 3772 a.
637 3725 696 3772 613.
740 3735 765 3771 et
775 3724 839 3772 Plio.
854 3723 918 3772 Hist.
927 3724 983 3771 Nat.
995 3727 1108 3783 mn,
1120 3742 1149 3784 a,
1163 3743 1205 3774 seu
1219 3730 1251 3785 8,

190 3803 256 3849 Nota
268 3802 360 3849 Dukeri
373 3813 423 3850 est:
433 3825 445 3844 a
454 3803 535 3864 Quaeri
545 3814 640 3866 potest,
655 3819 699 3850 cur
741 3803 815 3851 Drak.
835 3803 1012 3850 consulentibus
1029 3805 1087 3852 Exc.
1106 3804 1168 3852 Pith.
1184 3807 1252 3868 quod

191 3898 205 3928 a
214 3880 391 3929 Macedonibus
401 3881 431 3928 ad
441 3893 549 3928 senatum
558 3881 642 3929 delatae
651 3883 699 3929 fue·
741 3883 844 3946 praefero
855 3897 861 3930 :
881 3898 936 3928 nam
951 3881 1089 3928 consultare
1103 3883 1191 3940 seros,
1204 3902 1251 3949 pro

191 3961 241 4007 rint
254 3960 369 4022 querelae,
382 3976 456 4023 quum
471 3962 521 4020 jam
537 3977 559 4008 a.
577 3957 699 4010 11.qu
742 3960 871 4007 consilium
892 3960 923 4007 ab
945 3961 975 4006 iis
1001 3971 1096 4023 petere,
1114 3963 1156 4010 vix
1178 3965 1251 4011 credo

195 4041 296 4100 quaestio
311 4039 341 4086 de
354 4039 494 4102 repetundis
507 4033 623 4104 perpetua
640 4042 702 4087 lacta
745 4056 844 4102 usquam
857 4039 915 4086 alibi
927 4038 992 4102 legi;
1003 4038 1067 4087 Duk.

192 4119 287 4176 fuisset,
307 4129 331 4166 et
342 4119 473 4182 quotannis
487 4133 613 4182 praetorem
633 4136 702 4167 suum
782 4127 805 4173 t.
818 4119 847 4181 Q.
863 4117 950 4165 Fabius
969 4119 1089 4166 Maximus
1108 4122 1254 4168 Seruilianus
