2976 4712
280 377 348 466 452
681 380 931 448 urrronn

279 518 351 589 tur,
370 499 469 598 quod
492 513 715 595 compertum
736 500 920 586 hahuerit,
944 525 1039 596 equo
1061 515 1169 598 atque
1193 501 1339 573 bomine

279 637 346 683 suo
363 613 436 681 ritu
454 611 667 699 immolatis,
686 635 752 708 per
771 612 925 709 speciem
944 612 1040 707 pacis
1058 609 1190 681 adoriri
1206 614 1338 682 exerci-

277 739 355 793 tum
374 746 477 793 suum
496 723 533 790 in
553 723 674 791 animo
693 720 871 792 habuisse.
894 719 1086 792 Andriscus
1102 719 1267 817 quidam,
1285 723 1339 791 ul-

276 834 372 902 timae
390 832 497 901 sortis
519 830 683 916 bom014,
707 831 825 900 Persei
846 831 939 926 regis
961 853 999 900 se
1024 828 1138 900 filium
1160 828 1280 902 ferens
1302 849 1339 902 et

279 929 417 1013 mutato
434 942 579 1012 nomine
598 939 785 1038 Philippus
801 954 969 1027 vocatus,
985 964 1099 1036 quum
1114 938 1161 1008 ab
1175 939 1266 1011 urbe
1282 966 1337 1013 ro·

277 1077 399 1136 mana,
424 1076 498 1147 quo
519 1050 620 1120 illum
638 1053 841 1120 Demetrius
861 1051 968 1145 Syriae
982 1074 1045 1120 rex
1064 1046 1114 1119 ob
1135 1049 1206 1119 hoc
1219 1051 1336 1146 ipsum

275 1161 505 1232 mendacium
526 1161 690 1247 miserat,
711 1158 801 1229 clam
821 1154 1056 1257 profugisset,
1074 1159 1195 1229 multis
1213 1158 1336 1229 adsal-

276 1295 350 1341 sam
365 1269 442 1363 ejus
455 1266 631 1353 fabulam,
646 1267 744 1339 velut
758 1269 803 1338 ad
819 1292 938 1339 veram
952 1265 994 1355 ¹⁵,
1006 1268 1236 1356 coeuntibus,
1250 1294 1337 1339 con-

257 1413 258 1420 *
275 1394 389 1452 tracto
404 1379 580 1463 exercitu,
605 1393 718 1448 totam
737 1377 987 1450 Macedoniam
1002 1371 1067 1449 'aut
1084 1379 1269 1451 voluntate
1285 1383 1335 1450 in·

276 1492 491 1577 colentium,
505 1502 567 1559 aut
582 1490 688 1560 armis
701 1490 902 1586 occupavit.
918 1488 1085 1561 Fabulam
1097 1506 1216 1560 autem
1231 1490 1335 1562 talem

275 1599 436 1676 finxerat.
450 1604 502 1668 Ex
516 1597 643 1694 pellice
658 1624 695 1669 se
711 1613 747 1669 et
760 1604 891 1670 Perseo
906 1623 989 1695 rege
1003 1613 1144 1685 ortum,
1165 1600 1334 1671 traditum

275 1709 503 1783 educandum
527 1710 689 1780 Cretensi
709 1708 850 1779 cuidam
872 1734 969 1793 esse,
988 1723 1029 1779 ut
1050 1711 1088 1778 in
1108 1707 1194 1781 belli
1214 1736 1335 1797 casus,

275 1820 375 1920 quod
392 1819 451 1891 ille
470 1843 553 1889 cum
572 1820 741 1889 Romanis
759 1831 923 1914 gereret,
942 1818 1088 1915 aliquod
1101 1819 1199 1891 velut
1215 1845 1335 1891 semen

274 1933 378 2028 regiae
399 1929 519 2026 stirpis
540 1941 703 1999 exstaret.
728 1934 857 2000 Perseo
880 1927 1092 2015 demortu0,
1116 1927 1335 2027 Adramyttei

274 2067 312 2112 se
330 2041 521 2112 educatum
549 2038 736 2134 usquead
764 2036 1020 2109 duodecimum
1047 2062 1183 2108 annum
1206 2042 1334 2124 aetatis,

272 2165 414 2252 patrem
432 2172 516 2219 eum
535 2173 611 2218 esse
629 2147 856 2235 credentem,
873 2173 981 2244 aquo
998 2146 1230 2232 educaretur,
1245 2151 1335 2246 igna-

273 2283 356 2330 rum
370 2256 510 2356 generis
523 2255 632 2328 fuisse
645 2259 709 2327 sui.
726 2256 864 2328 Affecto
879 2259 1009 2330 deinde
1022 2282 1081 2344 eo,
1093 2284 1207 2356 quum
1221 2284 1334 2358 prope

275 2368 318 2439 ad
337 2369 415 2436 vitae
433 2365 543 2436 finem
563 2364 773 2437 ultimum16
794 2383 904 2454 esset,
927 2367 1104 2440 detectam
1123 2369 1267 2440 tandem
1284 2370 1334 2439 ibi

275 2477 449 2572 originem
464 2497 583 2560 suam,
601 2472 768 2572 falsaeque
784 2479 890 2548 matri
903 2475 1062 2548 libellum
1077 2477 1217 2566 datum,
1233 2482 1333 2577 signo

274 2587 393 2658 Persei
410 2585 504 2682 regis
521 2585 715 2681 signatum,
734 2610 844 2681 quem
864 2585 934 2658 sibi
957 2588 1132 2676 traderet,
1155 2611 1269 2686 quum
1289 2591 1332 2662 ad

272 2695 451 2796 puberem
476 2708 615 2765 aetatem
640 2697 812 2784 venisset;
838 2694 1171 2794 obtestationesque
1193 2699 1333 2771 ultimas

274 2807 448 2901 adjectaS,
467 2819 509 2875 ut
531 2806 645 2874 resin
667 2804 811 2876 occulto
833 2804 879 2876 ad
903 2806 940 2877 id
962 2822 1104 2904 tempus
1122 2823 1330 2883 servaretur.

223 2986 228 2997 ,
274 2914 489 2987 Pubescenti
506 2912 668 2985 libellum
685 2913 856 2985 traditum
873 2943 881 2986 ε
903 2916 941 2985 iu
956 2941 1030 3013 quo
1045 2916 1157 2987 relicti
1175 2916 1243 2988 sibi
1261 2919 1333 2990 duo

275 3025 432 3095 thesauri
451 3049 471 3095 a
489 3038 591 3121 patre
609 3024 823 3095 dicerentur.
844 3031 935 3096 Tum
959 3028 1130 3098 scientem
1147 3029 1333 3100 mulierem

313 3213 353 3260 14.
371 3203 503 3252 Andriscus
515 3203 616 3267 qnidam
624 3221 666 3252 seu
675 3205 782 3253 Pseudo·
831 3207 955 3254 Traditum
965 3206 1116 3255 educandum
1126 3209 1231 3257 Cretensi
1237 3210 1333 3258 ertidatn

272 3284 408 3347 philippus,
420 3283 621 3347 Adramyttenus,
633 3284 723 3332 nltimoe
732 3301 783 3331 sor·
828 3301 893 3342 esse,·
910 3297 970 3335 vett.
985 3286 1041 3335 edd.
1058 3287 1186 3349 Cyrtbesce.
1204 3289 1288 3354 Sigon.
1303 3307 1333 3338 ex

275 3363 304 3409 tis
325 3361 411 3418 horno,
433 3371 479 3408 etc.
498 3361 566 3409 coni.
587 3363 649 3408 Flor.
673 3365 698 3409 11
705 3397 712 3421 ,
738 3372 781 3422 14;
827 3377 875 3414 vet.
895 3365 939 3413 lib.
952 3376 976 3413 et
994 3366 1101 3414 Pithoeus
1117 3368 1182 3431 apud
1201 3369 1333 3416 Heamium

274 3441 337 3487 vett
353 3443 380 3498 Ι,
395 3455 423 3486 11
434 3455 441 3495 ς
455 3439 547 3488 sustin.
560 3442 667 3497 xxxV,
682 3444 782 3498 13Am·
828 3443 905 3491 Cretae
913 3459 947 3492 se.
959 3444 1027 3494 Leid.
1042 3445 1159 3502 Cretensi,
1170 3457 1195 3494 et
1203 3447 1238 3494 ita
1246 3449 1333 3496 Grute-

273 3520 347 3566 mien.
360 3517 470 3566 Marcell.
483 3519 552 3579 xw,
565 3528 613 3578 403
625 3521 712 3568 Zonar.
729 3522 782 3579 XI,
826 3537 882 3579 rus,
899 3537 927 3569 ac
946 3533 1003 3586 post
1018 3539 1074 3570 eum
1088 3526 1235 3572 recentiores
1248 3541 1333 3573 omnes

275 3602 307 3644 28
326 3613 379 3661 sqq.
395 3598 467 3643 Oros.
485 3598 529 3658 IV,
543 3613 590 3653 223
605 3599 705 3646 Pausan.
718 3599 780 3656 vn,
826 3599 968 3660 ediderunt3
984 3602 1053 3662 eujus
1074 3602 1189 3650 lectionis
1210 3615 1332 3653 auctorem

278 3675 436 3736 1338trabo,
449 3676 526 3734 xm,
538 3675 599 3731 δαί..
617 3703 652 3714 -
669 3677 707 3723 Ab
726 3676 783 3722 urbe
826 3696 851 3725 sc
862 3679 954 3726 nescire
965 3679 1094 3743 profitetur
1105 3683 1175 3729 Crev.
1187 3683 1232 3728 En.

275 3772 389 3812 romana,
413 3755 444 3802 al.
461 3755 546 3801 Roma.
567 3755 640 3803 Cous.
658 3755 731 3804 Drak.
751 3755 782 3802 ad
864 3759 993 3822 16.Prope
1005 3759 1162 3808 adultimn.
1171 3760 1249 3826 finem
1257 3778 1268 3816 ,·
1281 3763 1331 3810 vid.

167 3857 169 3866 v
272 3835 328 3883 h.l.
343 3834 621 3897 etEp11.LxxxV111.
711 3855 713 3860 ’
826 3836 858 3883 ad
871 3836 926 3884 'Lim
941 3838 989 3895 vl,
1008 3845 1052 3894 ἐμ,
1073 3856 1098 3886 n.
1118 3839 1142 3885 6.
1157 3866 1191 3874 -
1208 3841 1331 3888 Desectam

311 3909 509 3976 15.Adfa1sam
523 3912 574 3977 ejus
582 3911 713 3977 fabulam,
731 3928 779 3958 ser·
824 3914 922 3961 tandem
935 3914 982 3971 ibi,
998 3926 1062 3974 tum,
1076 3916 1193 3981 originem
1204 3916 1331 3983 snamfirl-

272 4007 382 4052 monem,
397 4005 529 4049 rumorem,
549 4006 620 4054 quem
636 3991 687 4054 ipse
707 3991 737 4038 de
754 4007 780 4037 se
823 4009 857 4038 sce
872 3992 947 4040 matri
961 4005 984 4040 et
1003 3994 1107 4045 libellum
1126 3995 1213 4043 datum
1229 3997 1331 4045 malebat

273 4069 381 4130 serebat,
395 4067 463 4114 uelut
474 4067 511 4115 ad
520 4083 623 4124 verm,-
633 4069 683 4116 vid.
698 4068 749 4118 Liv.
760 4074 779 4126 1,
823 4066 944 4118 Drakeub.
959 4073 1037 4135 quiet
1056 4072 1090 4120 ibi
1102 4090 1148 4138 pro
1161 4073 1207 4122 sibi
1222 4075 1290 4122 dedit
1302 4093 1332 4124 ex

275 4165 319 4209 11,
340 4163 366 4193 n.
385 4145 409 4192 5,
421 4147 523 4214 Famam
541 4145 640 4207 quidam
660 4147 731 4196 MSS.
744 4175 779 4184 -—
823 4150 916 4198 emend.
929 4151 981 4198 Jue.
996 4152 1071 4199 Periz.
