2970 4712
171 369 173 376 “
204 353 328 456 tigit:
376 377 459 442 ens.
486 377 590 442 xev.
618 377 712 452 cnr.
742 375 884 442 xxxv.
911 377 1070 442 xxxvi.
1161 371 1231 469 339

177 492 385 591 suffragium
400 495 564 566 adessent
579 522 587 564 ε
604 500 844 592 Imperiosum
855 495 980 566 ducem
992 507 1028 566 et
1037 497 1233 592 malignum

173 603 403 706 antiquando
422 611 663 702 rogationem,
688 619 771 700 queo
790 603 836 674 de
857 603 1039 701 triumpho
1059 606 1137 700 ejus
1148 607 1232 696 fer-

177 731 284 800 retur,
299 713 555 788 ulciscerentur.
568 713 716 794 Plebem
731 711 907 784 urbanam
919 729 1149 811 sequuurrom
1160 739 1234 786 esse

178 825 492 920 mt’litumsudtitia.
513 831 714 926 Pecuniam
736 821 835 894 illum
854 821 942 894 dare
963 847 1035 896 nau
1048 830 1230 922 potuisse,

179 933 325 1007 militem
348 934 520 1005 bonorem
544 933 635 1006 dare
648 936 808 1032 posset?
830 939 888 1007 Ne
907 950 1062 1027 speraret
1085 935 1137 1004 ibi
1147 935 1232 1026 fru-

177 1058 275 1116 atum
293 1049 439 1141 grauia,
459 1046 524 1116 ubi
540 1070 612 1116 nou
629 1050 818 1116 meruisset.
1040 1053 1043 1060 “

226 1159 387 1226 XXXVI.
411 1157 474 1227 His
497 1157 669 1244 incitatis,
691 1179 806 1252 quum
826 1156 863 1226 in
886 1149 1063 1252 Capitolio
1080 1156 1234 1252 rogatio·

180 1289 265 1336 nem
291 1277 392 1336 eam¹
412 1267 712 1364 Tisempronius
737 1264 1034 1368 tribunusplebis
1052 1263 1181 1354 ferret,
1200 1281 1236 1338 et

179 1377 324 1474 privatis
339 1377 417 1474 lege
434 1377 577 1448 dicendi
596 1377 695 1450 locus
710 1391 822 1465 esset,
841 1400 909 1448 nec
928 1377 972 1448 ad
990 1375 1235 1467 suadendum,

181 1501 222 1556 ut
244 1487 282 1556 in
302 1511 341 1558 re
364 1477 513 1558 minime
536 1487 668 1576 dubia,
691 1489 880 1585 quisquam
905 1487 1135 1584 procederet;
1161 1489 1234 1559 Ser.

181 1596 294 1674 Galba
313 1612 462 1694 repente
478 1599 671 1694 processit,
691 1611 727 1668 et
742 1619 763 1667 a
777 1592 926 1668 tribuno
941 1597 1152 1694 postulavit,
1174 1601 1234 1682 Ut,

180 1713 353 1803 quoniam
371 1706 554 1802 borojam
568 1723 695 1780 octavu
710 1705 784 1777 diei
799 1721 906 1794 esset,
925 1712 1092 1776 uersutis
1109 1721 1238 1802 tempo-

182 1823 232 1886 ris
248 1816 302 1888 ad
316 1815 633 1889 demonstrandum
646 1817 812 1903 liaberet,
833 1841 899 1887 our
909 1822 948 1888 L.
958 1815 1142 1888 AEmilium
1162 1840 1237 1886 nou

172 1928 346 2023 juberent
362 1929 601 2026 triumphare,
622 1933 658 1999 in
667 1942 855 2025 posterum
871 1927 964 1998 diem
986 1925 1185 2021 afferrent,
1204 1911 1240 1997 et

184 2060 291 2108 moue
305 2062 388 2110 eom
406 2063 480 2110 rem
497 2049 675 2136 agerent&
698 2044 843 2133 [ntegro
863 2037 934 2107 sibl
948 2037 1006 2106 die
1022 2035 1077 2108 od
1090 2061 1242 2109 causam

219 2229 244 2277 4.
259 2221 391 2268 Pecuniam
407 2221 475 2270 r‘llum
494 2221 556 2270 dare
575 2238 625 2270 uon
641 2238 689 2286 po·
732 2219 971 2286 Ipsius‚ait,Paulli
982 2231 1115 2284 eunt‚quae
1128 2220 1238 2276 orvillar-

184 2299 270 2356 tuisse‚
286 2299 385 2347 militem
397 2299 512 2348 horrorem
528 2299 589 2348 dare
596 2317 688 2364 poue,-
734 2299 855 2346 turrerba
863 2312 869 2346 :
878 2322 891 2342 «
899 2311 952 2348 non
960 2299 1032 2346 luisse
1043 2297 1069 2344 in
1082 2297 1159 2362 ipsius
1167 2311 1241 2364 pots·

184 2395 239 2427 nam
255 2379 388 2442 qniponest
399 2379 518 2432 honorem
532 2379 603 2437 dare,
615 2395 690 2444 penes
733 2381 794 2426 state
813 2379 920 2443 praedam
938 2375 1055 2426 militibus
1073 2377 1167 2444 largiri,
1184 2397 1239 2445 qum

184 2473 241 2506 eum
257 2458 331 2508 etiam
349 2468 456 2523 potestas
474 2471 511 2508 est
529 2475 580 2510 uon
600 2459 689 2532 dandi:
733 2474 768 2506 sa.
785 2473 845 2524 pop.
862 2474 925 2508 rom.
943 2458 1033 2518 tuerit,
1046 2474 1097 2509 uon
1109 2459 1240 2524 ipsimiat

185 2535 304 2600 intelligat
319 2537 393 2600 igitur
405 2538 514 2595 Paullus,
529 2539 572 2600 qui
584 2553 610 2586 se
619 2549 691 2602 negat
734 2538 761 2584 in
767 2536 850 2584 militis
859 2548 977 2600 potestate
985 2553 1035 2584 esse
1041 2537 1160 2586 honorem
1169 2539 1239 2590 dare:

185 2614 296 2663 habuisse
308 2626 451 2679 potestatem
465 2616 551 2664 dandae
565 2616 690 2680 pecuniae,
735 2613 807 2678 ¹quarn
822 2626 966 2680 potestatem
981 2633 1047 2663 nuno
1061 2618 1240 2682 experiretur.»

186 2695 287 2743 militem
301 2695 389 2742 habere
404 2705 549 2759 potestatem
562 2691 694 2744 mandandi
736 2693 817 2744 Simile
828 2693 889 2759 quid
900 2695 1001 2742 formare
1009 2694 1071 2742 vidit
1079 2696 1185 2746 Τιτυοὶ).
1194 2699 1240 2747 Eo.

186 2774 302 2837 suffragio
318 2773 451 2837 triumphi,
475 2789 548 2837 quem
568 2788 692 2835 nunquam
770 2772 1239 2836 Csr.XXXVI.1.1iogatiauemeam,

187 2854 279 2901 deferet
289 2852 351 2898 male
361 2851 457 2899 merito.
468 2855 607 2899 lstesensus
618 2849 693 2912 magis
736 2867 771 2898 so.
789 2860 817 2896 ut
837 2849 936 2897 AEmilio
952 2849 1081 2915 imperium
1099 2864 1173 2914 suet,
1191 2871 1241 2918 quo

187 2931 304 2980 historico
316 2930 419 2993 dignus,
435 2939 581 2993 mergulus,
599 2939 623 2976 et
633 2928 694 2975 acris
738 2929 777 2977 die
801 2927 892 2976 Urbem
911 2928 1062 2992 triumphans
1080 2930 1242 2984 inveheretur.

187 3010 298 3066 videtum
309 3008 416 3059 Tarneb.
432 3008 534 3056 Advers.
548 3009 621 3066 XVI,
640 3023 693 3072 cap.
738 3007 809 3056 Cani.
822 3023 875 3071 cap.
887 3007 919 3054 35
930 3006 1243 3078 mod.—Etpriratislage

190 3105 231 3138 so·
262 3086 453 3152 interrogatione
483 3086 557 3134 verba
588 3085 695 3133 animent
739 3085 832 3152 (immo
849 3085 880 3132 de
899 3085 968 3151 lege)
980 3077 1078 3135 dicendi
1090 3089 1156 3138 lorus
1167 3104 1240 3158 esset,

189 3169 260 3218 (isat.
270 3178 297 3216 et
307 3166 458 3224 Perizonius,
474 3181 550 3228 eaque
564 3165 599 3213 ita
617 3177 695 3227 expo·
739 3179 783 3212 uer
793 3164 830 3212 od
840 3163 1005 3223 suadendum,
1023 3177 1051 3213 ut
1065 3167 1090 3216 iu
1105 3186 1132 3217 ra
1147 3170 1243 3222 minime

189 3257 266 3296 nontt
275 3245 385 3294 Paullum
397 3243 521 3294 abanim
534 3243 640 3309 maligno
649 3243 695 3289 im-
739 3243 814 3290 dubia
826 3241 904 3308 (forte
919 3242 1035 3301 dubiosa,
1052 3246 1109 3308 qula
1124 3247 1151 3297 in
1162 3249 1207 3298 Ms
1220 3265 1245 3302 et

190 3338 283 3390 petraea
309 3341 361 3378 non
383 3323 507 3391 potuisse,
526 3333 553 3370 ut
572 3321 695 3371 liberalius
738 3321 794 3369 edd.
812 3333 872 3372 antt.
888 3334 924 3371 est
941 3322 1016 3392 dubio
1030 3323 1052 3370 si
1058 3342 1070 3381 ,-
1083 3326 1137 3374 vide
1150 3327 1181 3376 ad
1193 3333 1241 3390 111,

190 3405 297 3470 maedam
306 3404 369 3452 inter
377 3403 465 3452 milites
474 3402 594 3451 diuideret
603 3415 609 3449 τ
618 3401 697 3450 miles·
741 3417 772 3460 7²
781 3435 789 3460 ,
797 3411 823 3448 n.
833 3398 875 3465 a),
884 3399 1012 3466 quisquam
1016 3403 1175 3466 procederem
1185 3410 1246 3458 Gro-

191 3501 222 3532 ne
232 3499 291 3548 ergo
303 3480 337 3531 ab
344 3484 424 3532 animo
434 3499 479 3532 suo
490 3483 619 3547 impetrare
627 3490 697 3546 pote·
740 3497 798 3529 nov.
811 3481 883 3530 Conl.
893 3497 946 3544 cap.
957 3491 999 3529 at.
1009 3507 1043 3543 ··.
1055 3483 1175 3545 Quoniam
1183 3487 1245 3550 Isara

192 3563 278 3621 risset
289 3562 367 3610 eidem
374 3562 495 3610 bonorem
507 3561 567 3610 det?
578 3561 639 3608 dare
648 3575 697 3608 nou
733 3559 791 3624 jam
801 3570 902 3616 oatara,
914 3571 960 3606 eto.
976 3559 1042 3608 conl.
1054 3559 1086 3608 ad
1100 3578 1153 3626 cap.
1170 3565 1212 3626 37,
1222 3578 1246 3615 et

188 3641 337 3707 porreoonj.
349 3641 431 3704 Sigon.
445 3651 469 3688 et
481 3641 553 3689 Cres.
566 3639 698 3687 Pecuniam
740 3637 894 3686 mutanti.
906 3654 962 3702 pag.
976 3653 1035 3700 271.
1065 3649 1068 3655 ·

193 3720 261 3769 iliram
274 3732 322 3766 nou
333 3718 392 3766 dare
400 3718 524 3782 paucius:
539 3715 638 3765 militm
655 3717 698 3766 lto-
777 3734 803 3766 a.
818 3719 848 3764 Iu
857 3728 981 3781 posterum
999 3715 1062 3764 diem
1073 3715 1246 3784 dffrreut,u

194 3813 277 3846 uorum
287 3808 338 3846 uon
348 3797 411 3844 dare
417 3810 491 3861 posse
503 3795 606 3844 malebat
621 3795 697 3845 Gran.
742 3810 814 3844 marre
826 3811 880 3844 eom
895 3811 944 3843 rem
960 3808 1076 3862 agerem:
1089 3797 1115 3844 in
1132 3815 1204 3864 praee.
1222 3813 1246 3851 et

195 3873 380 3934 -Walobius‚
394 3875 494 3923 Emend.
509 3891 536 3940 p.
551 3873 615 3932 115,
625 3891 697 3939 repu-
743 3891 808 3938 seqq.
823 3873 852 3922 de
865 3891 915 3923 uno
928 3885 1022 3923 tantum
1035 3875 1134 3925 tribuno
1146 3878 1183 3941 pl.
1197 3880 1247 3946 agi·

196 3956 245 4003 din
260 3955 337 4002 ueni.
358 3969 469 4012 sensum,
486 3964 510 4002 et
527 3943 701 4014 scribijtlbot:
743 3965 790 4002 tor.
807 3943 871 4001 Hinc
889 3951 999 4020 diffirrat
1011 3965 1036 4002 et
1055 3968 1137 4020 ageret
1154 3959 1248 4007 emend.

196 4032 327 4087 Peaurts'aus
342 4027 411 4080 illurn
431 4033 491 4080 dare
510 4045 559 4080 nou
574 4021 701 4097 poliuere?
744 4032 1195 4100 laoPerlaoulextremaverbaesp.
1209 4037 1249 4085 ad-

196 4113 293 4162 uiuum
321 4111 435 4160 honorem
458 4113 518 4160 dare
543 4128 594 4159 nou
616 4117 701 4174 posse!
744 4111 1025 4178 versaripntabntDralr.

955 4233 958 4242 ¹
1061 4225 1120 4267 22.
