2984 4706
206 327 328 429 lzlzsslt
420 350 512 417 cre.
540 348 675 414 xciv.
704 299 807 416 cae
829 348 893 415 x1.
921 345 1009 414 xn.
1181 369 1240 441 ιρι

177 468 418 569 pidanorum,
439 469 636 565 octingenti
656 469 827 566 Agrianes
849 483 885 539 et
907 459 982 538 duo
1001 465 1113 548 millia
1133 469 1248 539 Pene-

178 597 315 653 starum
327 580 554 676 Illyriorum,
570 578 769 650 aPleurato
783 576 868 648 inde
883 577 983 648 missi
992 573 1021 665 ⁶,
1034 575 1250 648 bellicosum

161 706 378 786 utrumque
395 713 521 787 genus.
544 690 608 760 His
629 688 815 762 tuenu‘hus
832 712 974 776 muros,
994 712 1108 784 quum
1130 687 1251 760 subire

178 801 334 872 Romani
354 823 493 870 summa
509 800 545 869 vi
563 800 782 886 niterentur,
802 814 987 868 momento
1005 813 1169 896 tempore
1188 823 1251 897 pa·

178 911 286 981 rietes
300 907 481 980 fornicum
495 907 648 1007 perfossi
660 907 789 980 urbem
804 905 1061 1006 patefecerunt.
1078 909 1187 999 Quod
1201 911 1251 999 si,

178 1019 244 1116 qui
272 1020 472 1116 irreperet,
498 1019 624 1090 armati
653 1019 822 1103 fuissent,
851 1018 1033 1116 externplo
1061 1021 1250 1116 cepissent.

153 1205 158 1214 ,
177 1135 256 1200 Hoc
270 1128 335 1199 ubi
350 1126 550 1226 perfectum
570 1153 646 1200 esse
662 1153 756 1226 opus
768 1126 943 1198 militibus
956 1129 1162 1198 nuntiatum
1178 1145 1249 1214 est,

178 1240 373 1311 clamorem
396 1239 529 1310 alacres
548 1237 680 1337 gaudio
703 1254 852 1336 repente
879 1238 1029 1327 tollunt,
1054 1237 1130 1309 aliis
1149 1254 1249 1337 parte

178 1348 249 1420 alia
265 1350 303 1418 in
322 1347 450 1423 urbem
470 1349 673 1446 irrupturis.
1200 1433 1202 1437 ι

226 1463 306 1530 XII.
328 1462 457 1529 Hostes
474 1459 632 1555 primum
652 1455 841 1529 admiratio
861 1459 975 1555 cepit,
993 1457 1166 1555 quidnam
1182 1458 1250 1542 sibi

178 1567 390 1664 repentinus
407 1567 543 1637 clamor
561 1566 679 1638 vellet.
693 1571 889 1664 Postquam
907 1584 1029 1665 patere
1048 1567 1175 1640 urbem
1197 1594 1250 1640 ac·

178 1700 308 1774 cepere
327 1674 484 1775 praesecti
501 1675 656 1774 praesidii
677 1677 793 1773 Pytho
813 1692 850 1748 et
867 1676 1074 1776 Philippus,
1095 1701 1165 1775 pro
1185 1703 1251 1766 eo,

178 1787 244 1883 qui
261 1802 472 1884 occupasset
491 1785 636 1883 aggredi
646 1796 671 1870 ¹,
694 1811 787 1885 opus
807 1785 942 1858 factum
961 1813 1037 1859 esse
1056 1791 1145 1874 rati,
1166 1813 1249 1859 cum

177 1895 294 1966 valida
313 1921 424 1968 manu
440 1897 635 1994 Agrianum
653 1895 932 1995 Illyriorumque
950 1914 1162 1996 erumpunt,
1179 1903 1251 1969 Ro-

179 2031 402 2104 manosque,
428 2008 493 2102 qui
515 2007 573 2088 alii
598 2005 743 2078 aliunde
769 2007 916 2080 coibant
938 2006 1251 2080 convocabantur-

179 2210 243 2258 nuit.
258 2211 344 2272 Itaque
355 2219 468 2268 nonest,
481 2209 550 2272 quod
561 2223 616 2256 cum
632 2209 694 2256 Gro·
773 2211 798 2256 6,
808 2211 832 2255 Α
843 2209 959 2256 Pleurato
969 2208 1026 2256 inde
1035 2207 1114 2270 missi,
1125 2225 1139 2256 e
1149 2209 1249 2273 regione
1326 2271 1328 2278 y

178 2289 255 2336 novio
269 2287 334 2351 legas
348 2297 510 2335 namnetum
525 2299 576 2346 est,
582 2287 693 2354 fornices
737 2291 910 2336 Penestarum:
925 2289 1026 2349 Doujet.
1036 2287 1130 2335 Deinde
1144 2288 1246 2350 conjicit

179 2383 245 2425 non,
258 2377 305 2416 etc.
315 2377 357 2414 aut
369 2383 425 2415 cum
435 2367 552 2416 ‘lirrnebo
561 2384 612 2432 qun
621 2379 691 2416 vetus
737 2370 807 2418 Crer.
819 2377 843 2416 et
857 2368 941 2416 eodem
953 2368 1020 2416 missi
1030 2369 1070 2417 vel
1086 2369 1158 2416 musa
1171 2371 1250 2418 Gron.

180 2463 302 2496 murus...
326 2447 424 2504 stmeti,
441 2457 484 2496 aut
497 2463 553 2494 cum
565 2446 689 2495 Drakenb.
736 2447 783 2496 Sed
797 2448 904 2515 sorte'ex
916 2449 1014 2510 mn,
1026 2449 1059 2496 23
1077 2448 1123 2510 leg.
1141 2460 1167 2496 et
1181 2448 1249 2496 mille

180 2536 354 2573 monstrarunt.
367 2553 402 2562 -
417 2527 538 2576 Caeterum
545 2527 581 2573 rei
594 2525 691 2574 brevius
735 2542 766 2574 ac
778 2524 877 2573 ducenti
888 2526 973 2588 (MCC
986 2542 1033 2590 pro
1051 2529 1119 2588 MM)
1131 2529 1249 2578 Penesta-

181 2605 311 2669 descriptre
321 2603 494 2652 obscuritatem
502 2605 575 2654 Crer.
589 2604 655 2652 hunc
664 2604 692 2652 in
737 2621 791 2652 rum
812 2603 950 2667 Illyriorum
958 2640 966 2662 ‚
988 2622 1005 2654 a
1025 2608 1114 2653 Perseo
1134 2605 1190 2653 inde
1201 2605 1212 2671 (
1223 2617 1251 2654 ut

180 2684 281 2733 modurn
295 2683 414 2732 illustrat:
428 2683 692 2748 ‹aQuaerebutprretor¹
737 2687 834 2743 XLIII,
854 2686 900 2744 os,
922 2701 955 2732 es:
979 2688 1138 2734 Penestarum
1158 2684 1250 2751 gente)

180 2778 231 2826 quo
244 2772 363 2826 regestae
378 2761 441 2810 losse
459 2773 604 2812 remeasset.
620 2765 694 2811 Mon·
738 2763 811 2812 missi.
832 2791 866 2800 -
888 2763 964 2812 Jubet
983 2763 1079 2814 Walch.
1099 2780 1156 2828 pag.
1183 2765 1250 2824 263,

181 2841 250 2889 strati
265 2852 323 2889 sunt
338 2840 460 2900 tornines,
480 2840 621 2905 dictumque
638 2842 694 2890 illos
738 2841 861 2890 emendari
872 2857 889 2889 α
899 2843 1014 2890 Pleurato
1025 2842 1170 2899 intromissi,
1182 2842 1251 2905 qnod

181 2929 287 2969 sunctos
308 2935 360 2968 eree
376 2936 391 2967 e
411 2931 473 2968 terra
496 2935 571 2983 quam
591 2938 606 2969 e
628 2921 693 2970 fossa
738 2921 866 2985 quideme
884 2921 992 2985 vestigiis
1008 2921 1132 2970 literarum
1152 2921 1251 2969 minime

180 3009 332 3063 egesserant,
348 3001 375 3047 in
388 2999 474 3047 Interes
490 3009 569 3046 cocta.
580 2999 655 3061 Quod
667 3011 695 3047 ut
738 2999 868 3046 abhorrere
884 3000 931 3060 ait,
943 3011 967 3048 et
981 3016 1033 3048 noo
1045 3017 1118 3048 esser
1129 3000 1193 3050 Livii
1204 3016 1252 3048 usu

182 3077 316 3142 probarent
328 3078 366 3137 ii,
384 3077 427 3141 qui
444 3087 574 3142 pretorem
591 3088 644 3125 tota
656 3077 695 3125 de
739 3076 852 3126 alienum.
862 3079 900 3125 De
908 3094 956 3140 qua
966 3094 1027 3127 voce
1038 3078 1121 3126 laudat
1130 3082 1184 3140 lx,
1201 3081 1229 3126 13
1243 3095 1251 3139 3

182 3173 207 3204 re
230 3156 497 3212 commonefaciebant,
518 3155 693 3216 observabant,
739 3157 836 3214 xm,
847 3157 1054 3220 263xxxv111,
1065 3165 1115 3214 tet
1128 3159 1249 3217 53xL11,

181 3235 239 3284 illos
248 3235 353 3284 lornices
362 3235 434 3285 aliter
442 3246 548 3284 structos
558 3251 609 3282 esse
619 3251 648 3283 ac
657 3251 695 3284 ve·
741 3235 783 3284 36.
801 3236 861 3284 Nou
880 3235 943 3284 hanc
958 3236 1066 3284 Walchii
1087 3238 1251 3298 conjecturam

182 3326 257 3363 terem
274 3331 371 3362 murum
383 3316 521 3375 urbis,nec
537 3314 642 3380 proinde
653 3331 694 3363 eo·
739 3314 862 3378 improbet
875 3312 959 3363 Biittn.
973 3315 1044 3363 Ohss.
1056 3331 1112 3380 pag.
1129 3316 1185 3364 106.
1204 3318 1252 3365 En.

182 3395 239 3442 dem
251 3404 371 3458 tempore.
388 3397 461 3442 Fossa
473 3404 554 3442 autem
566 3411 646 3459 nuper
654 3395 694 3442 de·
775 3409 798 3454 7.
823 3393 871 3455 Qui
889 3392 1012 3457 irrupere,·
1026 3393 1107 3443 nullos
1121 3396 1253 3460 irrupisse,

182 3487 249 3522 mum
263 3473 360 3534 objecta
379 3473 457 3521 fuerat
476 3489 490 3521 a
503 3476 601 3522 Perseo.
611 3474 695 3536 Quum
738 3487 772 3520 ex
781 3487 837 3537 cap.
848 3487 899 3536 req.
912 3472 1087 3534 retirement,
1098 3475 1252 3538 noqueioer-

183 3552 257 3616 igitur
273 3551 338 3600 fossa
353 3563 415 3600 esset
431 3569 515 3601 reeens
527 3554 604 3610 faeta,
618 3553 696 3600 forni·
739 3567 790 3598 mes
809 3551 837 3598 id
855 3552 957 3599 luissent
974 3552 1040 3599 ausi:
1059 3552 1123 3600 sorte
1143 3554 1191 3618 leg.
1208 3552 1254 3616 qui

182 3647 223 3680 ces
235 3631 294 3680 itm
309 3648 394 3682 recens
408 3632 481 3691 noti,
492 3632 541 3681 hoc
551 3643 695 3696 argumento
740 3631 913 3694 irrumperent,
938 3630 986 3678 hoc
1005 3645 1090 3678 seusu:
1112 3631 1134 3678 si
1159 3642 1251 3694 praesto

183 3711 335 3774 aliquatenus
347 3711 412 3760 dicto
422 3710 559 3762 firmabant.
572 3712 696 3761 Praetoue
741 3709 845 3757 luissent
872 3709 974 3767 ermari,
1002 3709 1047 3773 qui
1071 3709 1249 3774 irrumperem

184 3805 210 3838 re
223 3799 307 3838 uatum
319 3801 358 3840 ert
371 3791 516 3848 eonsilium,
533 3801 562 3838 nt
573 3789 695 3840 fornicum
740 3788 793 3836 Iac.
807 3786 883 3835 Poris.
894 3788 980 3836 Minus
993 3787 1131 3852 probabiles
1146 3789 1249 3838 aliorum

183 3868 299 3930 periotes,
310 3869 416 3932 simplici
423 3870 527 3918 laterum
536 3867 623 3917 ordine
632 3879 695 3916 etru-
740 3866 923 3915 emendationes
935 3867 979 3932 qui
985 3867 1129 3932 perfodere,
1144 3869 1188 3932 qui
1196 3884 1253 3933 pen

185 3957 254 4004 etos,
265 3947 334 4010 quod
351 3947 421 3996 facile
435 3948 501 3996 Iacto
515 3958 581 4003 erat,
595 3947 697 3995 mnsfo·
741 3961 826 4010 rupere
838 3944 873 4010 (i.
894 3962 915 3994 e.
936 3945 1091 4012 perfodere),
1108 3958 1133 3994 et
1150 3947 1253 4010 quodsi

185 4027 266 4084 deret,
279 4038 357 4094 etque
365 4026 401 4074 sio
413 4027 449 4076 ibi
462 4027 509 4074 iter
521 4027 548 4074 in
561 4025 645 4074 urbem
654 4041 697 4089 pe-
741 4024 785 4088 qui
792 4023 925 4088 murrrpm
934 4023 1027 4074 armati
1034 4024 1207 4090 aurificissent.

185 4105 379 4172 tefaeeretn.IIn.
777 4102 840 4151 Car.
849 4105 909 4150 ΧΗ.
921 4102 1006 4164 1.Qui
1013 4116 1152 4166 occupasset
1161 4119 1249 4170 aggre-
