<?xml version="1.0" encoding="UTF-8"?>
<!DOCTYPE html PUBLIC "-//W3C//DTD XHTML 1.0 Transitional//EN"
    "http://www.w3.org/TR/xhtml1/DTD/xhtml1-transitional.dtd">
<html xmlns="http://www.w3.org/1999/xhtml" xml:lang="en" lang="en">
 <head>
  <title>
</title>
<meta http-equiv="Content-Type" content="text/html;charset=utf-8" />
  <meta name='ocr-system' content='tesseract 3.04.00' />
  <meta name='ocr-capabilities' content='ocr_page ocr_carea ocr_par ocr_line ocrx_word'/>
</head>
<body>
  <div class='ocr_page' id='page_1' title='image "./titusliviuspata02freigoog_0364.png"; bbox 0 0 2970 4712; ppageno 0'>
   <div class='ocr_carea' id='block_1_1' title="bbox 211 343 1279 444">
    <p class='ocr_par' dir='ltr' id='par_1_1' title="bbox 211 343 1279 444">
     <span class='ocr_line' id='line_1_1' title="bbox 211 343 1279 444; baseline -0.011 0"><span class='ocrx_word' id='word_1_1' title='bbox 211 343 332 444; x_wconf 60' lang='lat' dir='ltr'>lille</span> <span class='ocrx_word' id='word_1_2' title='bbox 418 363 509 429; x_wconf 77' lang='lat' dir='ltr'>tte.</span> <span class='ocrx_word' id='word_1_3' title='bbox 537 362 641 428; x_wconf 72' lang='lat' dir='ltr'>xcv.</span> <span class='ocrx_word' id='word_1_4' title='bbox 670 363 773 430; x_wconf 72' lang='lat' dir='ltr'>cle.</span> <span class='ocrx_word' id='word_1_5' title='bbox 798 363 874 427; x_wconf 76' lang='lat' dir='ltr'>xe.</span> <span class='ocrx_word' id='word_1_6' title='bbox 902 362 998 427; x_wconf 72' lang='lat' dir='ltr'>xer.</span> <span class='ocrx_word' id='word_1_7' title='bbox 1170 361 1238 432; x_wconf 76' lang='lat'>355</span> <span class='ocrx_word' id='word_1_8' title='bbox 1276 379 1279 385; x_wconf 48' lang='lat'><strong><em>¹</em></strong></span> 
     </span>
    </p>
   </div>
   <div class='ocr_carea' id='block_1_2' title="bbox 92 480 1246 2546">
    <p class='ocr_par' dir='ltr' id='par_1_2' title="bbox 92 480 1246 2546">
     <span class='ocr_line' id='line_1_2' title="bbox 185 480 1241 578; baseline 0.004 -24"><span class='ocrx_word' id='word_1_9' title='bbox 185 484 398 578; x_wconf 81' lang='lat' dir='ltr'>familiaeque</span> <span class='ocrx_word' id='word_1_10' title='bbox 427 481 575 552; x_wconf 89' lang='lat' dir='ltr'>heredes</span> <span class='ocrx_word' id='word_1_11' title='bbox 603 482 798 552; x_wconf 82' lang='lat' dir='ltr'><strong>retinuerat</strong></span> <span class='ocrx_word' id='word_1_12' title='bbox 825 480 944 566; x_wconf 90' lang='lat' dir='ltr'>domi,</span> <span class='ocrx_word' id='word_1_13' title='bbox 973 483 1107 570; x_wconf 85' lang='lat' dir='ltr'>minor,</span> <span class='ocrx_word' id='word_1_14' title='bbox 1130 482 1241 559; x_wconf 87' lang='lat' dir='ltr'>ferme</span> 
     </span>
     <span class='ocr_line' id='line_1_3' title="bbox 185 588 1242 686; baseline 0.004 -22"><span class='ocrx_word' id='word_1_15' title='bbox 185 592 376 664; x_wconf 89' lang='lat' dir='ltr'>duodecim</span> <span class='ocrx_word' id='word_1_16' title='bbox 399 615 512 664; x_wconf 86' lang='lat' dir='ltr'>annos</span> <span class='ocrx_word' id='word_1_17' title='bbox 537 603 658 674; x_wconf 87' lang='lat' dir='ltr'>natus,</span> <span class='ocrx_word' id='word_1_18' title='bbox 677 591 839 686; x_wconf 89' lang='lat' dir='ltr'>quinque</span> <span class='ocrx_word' id='word_1_19' title='bbox 862 588 990 660; x_wconf 90' lang='lat' dir='ltr'>diebus</span> <span class='ocrx_word' id='word_1_20' title='bbox 1011 607 1093 664; x_wconf 83' lang='lat' dir='ltr'>ante</span> <span class='ocrx_word' id='word_1_21' title='bbox 1114 595 1242 674; x_wconf 82' lang='lat' dir='ltr'>trium·</span> 
     </span>
     <span class='ocr_line' id='line_1_4' title="bbox 185 699 1244 800; baseline 0.003 -28"><span class='ocrx_word' id='word_1_22' title='bbox 185 701 320 798; x_wconf 89' lang='lat' dir='ltr'>phum,</span> <span class='ocrx_word' id='word_1_23' title='bbox 342 701 471 795; x_wconf 86' lang='lat' dir='ltr'>major,</span> <span class='ocrx_word' id='word_1_24' title='bbox 497 699 770 800; x_wconf 84' lang='lat' dir='ltr'>quatuordecim</span> <span class='ocrx_word' id='word_1_25' title='bbox 796 723 992 786; x_wconf 87' lang='lat' dir='ltr'>annorum,</span> <span class='ocrx_word' id='word_1_26' title='bbox 1015 701 1136 772; x_wconf 90' lang='lat' dir='ltr'>triduo</span> <span class='ocrx_word' id='word_1_27' title='bbox 1161 721 1244 800; x_wconf 90' lang='lat' dir='ltr'>post</span> 
     </span>
     <span class='ocr_line' id='line_1_5' title="bbox 185 807 1245 909; baseline 0.002 -27"><span class='ocrx_word' id='word_1_28' title='bbox 185 811 409 909; x_wconf 89' lang='lat' dir='ltr'>triumphum</span> <span class='ocrx_word' id='word_1_29' title='bbox 435 807 611 886; x_wconf 85' lang='lat' dir='ltr'>decessit:</span> <span class='ocrx_word' id='word_1_30' title='bbox 636 835 728 906; x_wconf 91' lang='lat' dir='ltr'>quos</span> <span class='ocrx_word' id='word_1_31' title='bbox 752 822 1002 905; x_wconf 78' lang='lat' dir='ltr'>praetextatos⁷</span> <span class='ocrx_word' id='word_1_32' title='bbox 1030 835 1138 884; x_wconf 89' lang='lat' dir='ltr'>curru</span> <span class='ocrx_word' id='word_1_33' title='bbox 1163 813 1245 886; x_wconf 89' lang='lat' dir='ltr'>vehi</span> 
     </span>
     <span class='ocr_line' id='line_1_6' title="bbox 185 917 1244 1017; baseline 0.002 -25"><span class='ocrx_word' id='word_1_34' title='bbox 185 933 410 1017; x_wconf 86' lang='lat' dir='ltr'>compatre,</span> <span class='ocrx_word' id='word_1_35' title='bbox 438 917 505 989; x_wconf 93' lang='lat' dir='ltr'>sibi</span> <span class='ocrx_word' id='word_1_36' title='bbox 527 919 625 1015; x_wconf 88' lang='lat' dir='ltr'>ipsos</span> <span class='ocrx_word' id='word_1_37' title='bbox 649 918 780 990; x_wconf 85' lang='lat' dir='ltr'>similes</span> <span class='ocrx_word' id='word_1_38' title='bbox 801 918 1092 1015; x_wconf 88' lang='lat' dir='ltr'>praedestinantes</span> <span class='ocrx_word' id='word_1_39' title='bbox 1117 923 1244 1002; x_wconf 72' lang='lat' dir='ltr'>trium·</span> 
     </span>
     <span class='ocr_line' id='line_1_7' title="bbox 185 1024 1244 1128; baseline 0.002 -28"><span class='ocrx_word' id='word_1_40' title='bbox 185 1031 296 1128; x_wconf 88' lang='lat' dir='ltr'>phos,</span> <span class='ocrx_word' id='word_1_41' title='bbox 315 1044 534 1127; x_wconf 83' lang='lat' dir='ltr'>oportuerat.</span> <span class='ocrx_word' id='word_1_42' title='bbox 555 1033 676 1100; x_wconf 87' lang='lat' dir='ltr'>Paucis</span> <span class='ocrx_word' id='word_1_43' title='bbox 693 1043 775 1126; x_wconf 88' lang='lat' dir='ltr'>post</span> <span class='ocrx_word' id='word_1_44' title='bbox 790 1024 953 1114; x_wconf 81' lang='lat' dir='ltr'>diebus⁸,</span> <span class='ocrx_word' id='word_1_45' title='bbox 973 1027 1054 1104; x_wconf 82' lang='lat' dir='ltr'>data</span> <span class='ocrx_word' id='word_1_46' title='bbox 1074 1054 1093 1100; x_wconf 89' lang='lat' dir='ltr'>a</span> <span class='ocrx_word' id='word_1_47' title='bbox 1112 1035 1159 1102; x_wconf 90' lang='grc' dir='ltr'>Μ.</span> <span class='ocrx_word' id='word_1_48' title='bbox 1175 1037 1244 1104; x_wconf 84' lang='lat' dir='ltr'>An-</span> 
     </span>
     <span class='ocr_line' id='line_1_8' title="bbox 186 1137 1243 1235; baseline 0.004 -27"><span class='ocrx_word' id='word_1_49' title='bbox 186 1140 286 1210; x_wconf 91' lang='lat' dir='ltr'>tonio</span> <span class='ocrx_word' id='word_1_50' title='bbox 306 1138 453 1214; x_wconf 87' lang='lat' dir='ltr'>tribuno</span> <span class='ocrx_word' id='word_1_51' title='bbox 476 1137 592 1235; x_wconf 86' lang='lat' dir='ltr'>plebis</span> <span class='ocrx_word' id='word_1_52' title='bbox 616 1141 809 1224; x_wconf 83' lang='lat' dir='ltr'>concione,</span> <span class='ocrx_word' id='word_1_53' title='bbox 835 1162 949 1234; x_wconf 88' lang='lat' dir='ltr'>quum</span> <span class='ocrx_word' id='word_1_54' title='bbox 972 1139 1015 1208; x_wconf 91' lang='lat' dir='ltr'>de</span> <span class='ocrx_word' id='word_1_55' title='bbox 1040 1143 1112 1210; x_wconf 89' lang='lat' dir='ltr'>suis</span> <span class='ocrx_word' id='word_1_56' title='bbox 1134 1141 1243 1215; x_wconf 87' lang='lat' dir='ltr'>rebus</span> 
     </span>
     <span class='ocr_line' id='line_1_9' title="bbox 185 1245 1246 1346; baseline -0.004 -26"><span class='ocrx_word' id='word_1_57' title='bbox 185 1251 292 1346; x_wconf 83' lang='lat' dir='ltr'>gestis</span> <span class='ocrx_word' id='word_1_58' title='bbox 304 1273 406 1320; x_wconf 91' lang='lat' dir='ltr'>more</span> <span class='ocrx_word' id='word_1_59' title='bbox 420 1262 630 1320; x_wconf 88' lang='lat' dir='ltr'>caeterorum</span> <span class='ocrx_word' id='word_1_60' title='bbox 646 1249 902 1344; x_wconf 87' lang='lat' dir='ltr'>imperatorum</span> <span class='ocrx_word' id='word_1_61' title='bbox 918 1245 1158 1336; x_wconf 85' lang='lat' dir='ltr'>disseruisset,</span> <span class='ocrx_word' id='word_1_62' title='bbox 1172 1275 1246 1320; x_wconf 47' lang='lat' dir='ltr'>mes</span> 
     </span>
     <span class='ocr_line' id='line_1_10' title="bbox 185 1356 1207 1455; baseline 0.003 -27"><span class='ocrx_word' id='word_1_63' title='bbox 185 1357 369 1431; x_wconf 89' lang='lat' dir='ltr'>morabilis</span> <span class='ocrx_word' id='word_1_64' title='bbox 380 1358 465 1452; x_wconf 83' lang='lat' dir='ltr'>ejus</span> <span class='ocrx_word' id='word_1_65' title='bbox 482 1359 596 1449; x_wconf 89' lang='lat' dir='ltr'>oratio</span> <span class='ocrx_word' id='word_1_66' title='bbox 612 1372 647 1432; x_wconf 86' lang='lat' dir='ltr'>et</span> <span class='ocrx_word' id='word_1_67' title='bbox 664 1356 771 1453; x_wconf 85' lang='lat' dir='ltr'>digna</span> <span class='ocrx_word' id='word_1_68' title='bbox 786 1381 936 1434; x_wconf 85' lang='lat' dir='ltr'>romano</span> <span class='ocrx_word' id='word_1_69' title='bbox 951 1359 1114 1455; x_wconf 86' lang='lat' dir='ltr'>principe</span> <span class='ocrx_word' id='word_1_70' title='bbox 1128 1357 1207 1432; x_wconf 88' lang='lat' dir='ltr'>fuit.</span> 
     </span>
     <span class='ocr_line' id='line_1_11' title="bbox 233 1465 1245 1564; baseline -0.002 -26"><span class='ocrx_word' id='word_1_71' title='bbox 233 1473 321 1546; x_wconf 84' lang='lat' dir='ltr'><strong>XLI.</strong></span> <span class='ocrx_word' id='word_1_72' title='bbox 347 1472 596 1564; x_wconf 74' lang='lat' dir='ltr'>«Quanquam</span> <span class='ocrx_word' id='word_1_73' title='bbox 625 1482 661 1538; x_wconf 91' lang='lat' dir='ltr'>et</span> <span class='ocrx_word' id='word_1_74' title='bbox 686 1491 792 1563; x_wconf 84' lang='lat' dir='ltr'>quarn</span> <span class='ocrx_word' id='word_1_75' title='bbox 815 1465 965 1540; x_wconf 87' lang='lat' dir='ltr'>feliciter</span> <span class='ocrx_word' id='word_1_76' title='bbox 985 1467 1245 1564; x_wconf 83' lang='lat' dir='ltr'>rempublicam</span> 
     </span>
     <span class='ocr_line' id='line_1_12' title="bbox 185 1573 1244 1674; baseline 0.004 -28"><span class='ocrx_word' id='word_1_77' title='bbox 185 1609 202 1646; x_wconf 75' lang='grc' dir='ltr'>α</span> <span class='ocrx_word' id='word_1_78' title='bbox 216 1577 532 1656; x_wconf 78' lang='lat' dir='ltr'>administraverint</span> <span class='ocrx_word' id='word_1_79' title='bbox 542 1631 552 1662; x_wconf 88' lang='lat'>,</span> <span class='ocrx_word' id='word_1_80' title='bbox 562 1591 598 1647; x_wconf 90' lang='lat' dir='ltr'>et</span> <span class='ocrx_word' id='word_1_81' title='bbox 610 1576 708 1674; x_wconf 92' lang='lat' dir='ltr'>quod</span> <span class='ocrx_word' id='word_1_82' title='bbox 718 1575 792 1652; x_wconf 85' lang='lat' dir='ltr'>duo</span> <span class='ocrx_word' id='word_1_83' title='bbox 802 1573 953 1650; x_wconf 87' lang='lat' dir='ltr'>fulmina</span> <span class='ocrx_word' id='word_1_84' title='bbox 966 1574 1115 1650; x_wconf 89' lang='lat' dir='ltr'>domum</span> <span class='ocrx_word' id='word_1_85' title='bbox 1127 1602 1244 1652; x_wconf 83' lang='lat' dir='ltr'>meam</span> 
     </span>
     <span class='ocr_line' id='line_1_13' title="bbox 92 1686 1243 1785; baseline -0.003 -26"><span class='ocrx_word' id='word_1_86' title='bbox 92 1757 98 1774; x_wconf 72' lang='grc'><em>,</em></span> <span class='ocrx_word' id='word_1_87' title='bbox 184 1713 280 1785; x_wconf 72' lang='lat' dir='ltr'>«per</span> <span class='ocrx_word' id='word_1_88' title='bbox 291 1687 357 1766; x_wconf 92' lang='lat' dir='ltr'>hos</span> <span class='ocrx_word' id='word_1_89' title='bbox 368 1687 444 1762; x_wconf 85' lang='lat' dir='ltr'>dies</span> <span class='ocrx_word' id='word_1_90' title='bbox 455 1687 792 1784; x_wconf 83' lang='lat' dir='ltr'>perculerint¹,non</span> <span class='ocrx_word' id='word_1_91' title='bbox 810 1686 974 1780; x_wconf 82' lang='lat' dir='ltr'>ignorare</span> <span class='ocrx_word' id='word_1_92' title='bbox 984 1709 1060 1763; x_wconf 81' lang='lat' dir='ltr'>vos,</span> <span class='ocrx_word' id='word_1_93' title='bbox 1071 1687 1243 1775; x_wconf 88' lang='lat' dir='ltr'>Quirites,</span> 
     </span>
     <span class='ocr_line' id='line_1_14' title="bbox 185 1792 1245 1900; baseline 0.006 -40"><span class='ocrx_word' id='word_1_94' title='bbox 185 1796 390 1883; x_wconf 76' lang='lat' dir='ltr'>«arbitror,</span> <span class='ocrx_word' id='word_1_95' title='bbox 418 1819 532 1892; x_wconf 90' lang='lat' dir='ltr'>quum</span> <span class='ocrx_word' id='word_1_96' title='bbox 558 1793 761 1900; x_wconf 83' lang='lat' dir='ltr'>spectaculo</span> <span class='ocrx_word' id='word_1_97' title='bbox 786 1792 1015 1880; x_wconf 81' lang='lat' dir='ltr'>vobisnunc</span> <span class='ocrx_word' id='word_1_98' title='bbox 1042 1796 1245 1893; x_wconf 88' lang='lat' dir='ltr'>triumphus</span> 
     </span>
     <span class='ocr_line' id='line_1_15' title="bbox 185 1899 1244 1992; baseline -0.003 -16"><span class='ocrx_word' id='word_1_99' title='bbox 185 1917 333 1992; x_wconf 76' lang='lat' dir='ltr'>«meus,</span> <span class='ocrx_word' id='word_1_100' title='bbox 355 1931 452 1980; x_wconf 90' lang='lat' dir='ltr'>nunc</span> <span class='ocrx_word' id='word_1_101' title='bbox 472 1904 600 1979; x_wconf 82' lang='lat' dir='ltr'>funera</span> <span class='ocrx_word' id='word_1_102' title='bbox 619 1901 815 1975; x_wconf 91' lang='lat' dir='ltr'>liberorum</span> <span class='ocrx_word' id='word_1_103' title='bbox 836 1925 1000 1978; x_wconf 88' lang='lat' dir='ltr'>meorum</span> <span class='ocrx_word' id='word_1_104' title='bbox 1021 1899 1173 1985; x_wconf 72' lang='lat' dir='ltr'>fuerint,</span> <span class='ocrx_word' id='word_1_105' title='bbox 1193 1917 1244 1973; x_wconf 84' lang='lat' dir='ltr'>ta·</span> 
     </span>
     <span class='ocr_line' id='line_1_16' title="bbox 185 2003 1243 2113; baseline -0.004 -26"><span class='ocrx_word' id='word_1_106' title='bbox 185 2041 298 2088; x_wconf 71' lang='lat' dir='ltr'>emen</span> <span class='ocrx_word' id='word_1_107' title='bbox 313 2003 452 2113; x_wconf 81' lang='lat' dir='ltr'>paucis,</span> <span class='ocrx_word' id='word_1_108' title='bbox 465 2039 603 2111; x_wconf 84' lang='lat' dir='ltr'>quaeso,</span> <span class='ocrx_word' id='word_1_109' title='bbox 618 2014 737 2083; x_wconf 89' lang='lat' dir='ltr'>sinatis</span> <span class='ocrx_word' id='word_1_110' title='bbox 751 2035 809 2087; x_wconf 87' lang='lat' dir='ltr'>me</span> <span class='ocrx_word' id='word_1_111' title='bbox 824 2035 906 2083; x_wconf 89' lang='lat' dir='ltr'>curn</span> <span class='ocrx_word' id='word_1_112' title='bbox 921 2009 1065 2107; x_wconf 88' lang='lat' dir='ltr'>publica</span> <span class='ocrx_word' id='word_1_113' title='bbox 1078 2010 1243 2086; x_wconf 89' lang='lat' dir='ltr'>felicitate</span> 
     </span>
     <span class='ocr_line' id='line_1_17' title="bbox 187 2120 1241 2222; baseline 0.001 -32"><span class='ocrx_word' id='word_1_114' title='bbox 187 2149 509 2222; x_wconf 67' lang='lat' dir='ltr'>«compararem,</span> <span class='ocrx_word' id='word_1_115' title='bbox 534 2148 609 2219; x_wconf 93' lang='lat' dir='ltr'>quo</span> <span class='ocrx_word' id='word_1_116' title='bbox 632 2120 768 2206; x_wconf 89' lang='lat' dir='ltr'>debeo,</span> <span class='ocrx_word' id='word_1_117' title='bbox 792 2121 913 2194; x_wconf 86' lang='lat' dir='ltr'>animo</span> <span class='ocrx_word' id='word_1_118' title='bbox 935 2121 1107 2218; x_wconf 83' lang='lat' dir='ltr'>privatam</span> <span class='ocrx_word' id='word_1_119' title='bbox 1126 2146 1241 2192; x_wconf 86' lang='lat' dir='ltr'>meam</span> 
     </span>
     <span class='ocr_line' id='line_1_18' title="bbox 187 2229 1243 2322; baseline 0.001 -22"><span class='ocrx_word' id='word_1_120' title='bbox 187 2233 408 2322; x_wconf 66' lang='lat' dir='ltr'>«fortunam.</span> <span class='ocrx_word' id='word_1_121' title='bbox 430 2231 614 2305; x_wconf 84' lang='lat' dir='ltr'>Profectus</span> <span class='ocrx_word' id='word_1_122' title='bbox 637 2256 680 2302; x_wconf 85' lang='lat' dir='ltr'>ex</span> <span class='ocrx_word' id='word_1_123' title='bbox 703 2230 821 2316; x_wconf 87' lang='lat' dir='ltr'>Italia,</span> <span class='ocrx_word' id='word_1_124' title='bbox 845 2229 991 2307; x_wconf 81' lang='lat' dir='ltr'>classem</span> <span class='ocrx_word' id='word_1_125' title='bbox 1013 2254 1033 2300; x_wconf 93' lang='lat' dir='ltr'>a</span> <span class='ocrx_word' id='word_1_126' title='bbox 1053 2232 1243 2302; x_wconf 85' lang='lat' dir='ltr'>Brundisio</span> 
     </span>
     <span class='ocr_line' id='line_1_19' title="bbox 187 2338 1244 2427; baseline -0.003 -13"><span class='ocrx_word' id='word_1_127' title='bbox 187 2375 203 2408; x_wconf 89' lang='lat'>«</span> <span class='ocrx_word' id='word_1_128' title='bbox 217 2345 293 2416; x_wconf 88' lang='lat' dir='ltr'>sole</span> <span class='ocrx_word' id='word_1_129' title='bbox 314 2361 395 2417; x_wconf 89' lang='lat' dir='ltr'>orto</span> <span class='ocrx_word' id='word_1_130' title='bbox 417 2343 525 2427; x_wconf 76' lang='lat' dir='ltr'>solvi3</span> <span class='ocrx_word' id='word_1_131' title='bbox 549 2366 646 2420; x_wconf 88' lang='lat' dir='ltr'>nona</span> <span class='ocrx_word' id='word_1_132' title='bbox 666 2340 737 2417; x_wconf 85' lang='lat' dir='ltr'>diei</span> <span class='ocrx_word' id='word_1_133' title='bbox 757 2339 846 2416; x_wconf 83' lang='lat' dir='ltr'>horo</span> <span class='ocrx_word' id='word_1_134' title='bbox 867 2363 950 2410; x_wconf 88' lang='lat' dir='ltr'>cnm</span> <span class='ocrx_word' id='word_1_135' title='bbox 968 2338 1137 2410; x_wconf 89' lang='lat' dir='ltr'>omnibus</span> <span class='ocrx_word' id='word_1_136' title='bbox 1155 2345 1244 2413; x_wconf 91' lang='lat' dir='ltr'>meis</span> 
     </span>
     <span class='ocr_line' id='line_1_20' title="bbox 186 2448 1243 2546; baseline 0.003 -28"><span class='ocrx_word' id='word_1_137' title='bbox 186 2453 366 2523; x_wconf 69' lang='lat' dir='ltr'>anavibus</span> <span class='ocrx_word' id='word_1_138' title='bbox 383 2455 575 2546; x_wconf 85' lang='lat' dir='ltr'>Corcyram</span> <span class='ocrx_word' id='word_1_139' title='bbox 592 2452 730 2523; x_wconf 79' lang='lat' dir='ltr'>tenui².</span> <span class='ocrx_word' id='word_1_140' title='bbox 754 2448 843 2518; x_wconf 88' lang='lat' dir='ltr'>Inde</span> <span class='ocrx_word' id='word_1_141' title='bbox 864 2449 993 2544; x_wconf 89' lang='lat' dir='ltr'>quinto</span> <span class='ocrx_word' id='word_1_142' title='bbox 1014 2449 1072 2520; x_wconf 92' lang='lat' dir='ltr'>die</span> <span class='ocrx_word' id='word_1_143' title='bbox 1093 2451 1243 2546; x_wconf 88' lang='lat' dir='ltr'>Delphis</span> 
     </span>
    </p>
   </div>
   <div class='ocr_carea' id='block_1_3' title="bbox 187 2557 1365 2668">
    <p class='ocr_par' dir='ltr' id='par_1_3' title="bbox 187 2557 1365 2668">
     <span class='ocr_line' id='line_1_21' title="bbox 187 2557 1365 2668; baseline 0 -37"><span class='ocrx_word' id='word_1_144' title='bbox 187 2562 373 2658; x_wconf 76' lang='lat' dir='ltr'>«Apollini</span> <span class='ocrx_word' id='word_1_145' title='bbox 397 2587 464 2659; x_wconf 90' lang='lat' dir='ltr'>pro</span> <span class='ocrx_word' id='word_1_146' title='bbox 487 2585 545 2632; x_wconf 92' lang='lat' dir='ltr'>me</span> <span class='ocrx_word' id='word_1_147' title='bbox 566 2557 852 2652; x_wconf 84' lang='lat' dir='ltr'>exercitibusque</span> <span class='ocrx_word' id='word_1_148' title='bbox 878 2571 913 2630; x_wconf 91' lang='lat' dir='ltr'>et</span> <span class='ocrx_word' id='word_1_149' title='bbox 934 2557 1105 2631; x_wconf 83' lang='lat' dir='ltr'>classibus</span> <span class='ocrx_word' id='word_1_150' title='bbox 1132 2559 1243 2631; x_wconf 89' lang='lat' dir='ltr'>lustra</span> <span class='ocrx_word' id='word_1_151' title='bbox 1328 2587 1332 2598; x_wconf 68' lang='grc'><em>’</em></span> <span class='ocrx_word' id='word_1_152' title='bbox 1361 2661 1365 2668; x_wconf 13' lang='grc' dir='ltr'><strong><em>ἢ</em></strong></span> 
     </span>
    </p>
   </div>
   <div class='ocr_carea' id='block_1_4' title="bbox 184 2754 1244 4150">
    <p class='ocr_par' dir='ltr' id='par_1_4' title="bbox 184 2754 1244 3214">
     <span class='ocr_line' id='line_1_22' title="bbox 187 2754 1241 2818; baseline 0 -16"><span class='ocrx_word' id='word_1_153' title='bbox 187 2773 283 2810; x_wconf 80' lang='lat' dir='ltr'>erorum</span> <span class='ocrx_word' id='word_1_154' title='bbox 296 2758 407 2813; x_wconf 56' lang='lat' dir='ltr'>heredem</span> <span class='ocrx_word' id='word_1_155' title='bbox 421 2757 476 2804; x_wconf 87' lang='lat' dir='ltr'>vide</span> <span class='ocrx_word' id='word_1_156' title='bbox 490 2756 520 2803; x_wconf 89' lang='lat' dir='ltr'>ad</span> <span class='ocrx_word' id='word_1_157' title='bbox 533 2758 577 2813; x_wconf 87' lang='lat' dir='ltr'>IV,</span> <span class='ocrx_word' id='word_1_158' title='bbox 591 2772 621 2813; x_wconf 76' lang='lat' dir='ltr'>a,</span> <span class='ocrx_word' id='word_1_159' title='bbox 632 2772 658 2802; x_wconf 89' lang='lat' dir='ltr'>n.</span> <span class='ocrx_word' id='word_1_160' title='bbox 668 2756 693 2801; x_wconf 90' lang='grc'>6.</span> <span class='ocrx_word' id='word_1_161' title='bbox 737 2754 778 2800; x_wconf 80' lang='lat' dir='ltr'>cui</span> <span class='ocrx_word' id='word_1_162' title='bbox 786 2755 858 2810; x_wconf 82' lang='lat' dir='ltr'>dure,</span> <span class='ocrx_word' id='word_1_163' title='bbox 869 2756 958 2818; x_wconf 88' lang='lat' dir='ltr'>dequo</span> <span class='ocrx_word' id='word_1_164' title='bbox 967 2755 1063 2802; x_wconf 79' lang='lat' dir='ltr'>videatl</span> <span class='ocrx_word' id='word_1_165' title='bbox 1070 2757 1171 2813; x_wconf 84' lang='lat' dir='ltr'>vl11‚5,</span> <span class='ocrx_word' id='word_1_166' title='bbox 1181 2772 1206 2803; x_wconf 91' lang='lat' dir='ltr'>n.</span> <span class='ocrx_word' id='word_1_167' title='bbox 1220 2773 1241 2803; x_wconf 91' lang='lat'>1.</span> 
     </span>
     <span class='ocr_line' id='line_1_23' title="bbox 184 2832 1243 2900; baseline -0.005 -15"><span class='ocrx_word' id='word_1_168' title='bbox 184 2862 222 2886; x_wconf 85' lang='lat'>.—</span> <span class='ocrx_word' id='word_1_169' title='bbox 231 2836 321 2892; x_wconf 79' lang='lat' dir='ltr'>Minor,</span> <span class='ocrx_word' id='word_1_170' title='bbox 336 2835 417 2900; x_wconf 81' lang='lat' dir='ltr'>ferme</span> <span class='ocrx_word' id='word_1_171' title='bbox 436 2837 490 2882; x_wconf 85' lang='lat' dir='ltr'>XII</span> <span class='ocrx_word' id='word_1_172' title='bbox 510 2850 587 2884; x_wconf 83' lang='lat' dir='ltr'>annos</span> <span class='ocrx_word' id='word_1_173' title='bbox 605 2843 690 2887; x_wconf 81' lang='lat' dir='ltr'>naeus,</span> <span class='ocrx_word' id='word_1_174' title='bbox 771 2835 833 2882; x_wconf 75' lang='lat' dir='ltr'>Car.</span> <span class='ocrx_word' id='word_1_175' title='bbox 844 2835 909 2879; x_wconf 81' lang='lat' dir='ltr'>XLI.</span> <span class='ocrx_word' id='word_1_176' title='bbox 925 2835 992 2880; x_wconf 85' lang='lat' dir='ltr'>r.Et</span> <span class='ocrx_word' id='word_1_177' title='bbox 1002 2832 1070 2896; x_wconf 86' lang='lat' dir='ltr'>quod</span> <span class='ocrx_word' id='word_1_178' title='bbox 1078 2832 1126 2879; x_wconf 85' lang='lat' dir='ltr'>duo</span> <span class='ocrx_word' id='word_1_179' title='bbox 1132 2833 1243 2896; x_wconf 82' lang='lat' dir='ltr'>fulmina</span> 
     </span>
     <span class='ocr_line' id='line_1_24' title="bbox 186 2909 1244 2978; baseline -0.002 -16"><span class='ocrx_word' id='word_1_180' title='bbox 186 2925 235 2962; x_wconf 81' lang='lat' dir='ltr'>ete.</span> <span class='ocrx_word' id='word_1_181' title='bbox 251 2915 316 2970; x_wconf 77' lang='lat' dir='ltr'>conl.</span> <span class='ocrx_word' id='word_1_182' title='bbox 334 2914 440 2978; x_wconf 79' lang='lat' dir='ltr'>Appien.</span> <span class='ocrx_word' id='word_1_183' title='bbox 457 2913 553 2962; x_wconf 74' lang='lat' dir='ltr'>Maced.</span> <span class='ocrx_word' id='word_1_184' title='bbox 569 2913 654 2968; x_wconf 80' lang='lat' dir='ltr'>xvu,</span> <span class='ocrx_word' id='word_1_185' title='bbox 669 2921 694 2958; x_wconf 84' lang='lat' dir='ltr'>et</span> <span class='ocrx_word' id='word_1_186' title='bbox 736 2910 834 2956; x_wconf 77' lang='lat' dir='ltr'>domrrm</span> <span class='ocrx_word' id='word_1_187' title='bbox 842 2925 920 2960; x_wconf 82' lang='lat' dir='ltr'>meam</span> <span class='ocrx_word' id='word_1_188' title='bbox 924 2926 970 2972; x_wconf 83' lang='lat' dir='ltr'>per</span> <span class='ocrx_word' id='word_1_189' title='bbox 977 2909 1020 2958; x_wconf 78' lang='lat' dir='ltr'>lior</span> <span class='ocrx_word' id='word_1_190' title='bbox 1026 2910 1077 2957; x_wconf 83' lang='lat' dir='ltr'>dies</span> <span class='ocrx_word' id='word_1_191' title='bbox 1081 2911 1244 2974; x_wconf 66' lang='lat' dir='ltr'>perciderim</span> 
     </span>
     <span class='ocr_line' id='line_1_25' title="bbox 189 2988 1241 3056; baseline -0.001 -17"><span class='ocrx_word' id='word_1_192' title='bbox 189 2991 253 3040; x_wconf 86' lang='lat' dir='ltr'>Plut.</span> <span class='ocrx_word' id='word_1_193' title='bbox 275 2993 357 3040; x_wconf 81' lang='lat' dir='ltr'>AEmil.</span> <span class='ocrx_word' id='word_1_194' title='bbox 377 3007 432 3056; x_wconf 82' lang='lat' dir='ltr'>pag.</span> <span class='ocrx_word' id='word_1_195' title='bbox 455 2992 515 3052; x_wconf 76' lang='lat'>273,</span> <span class='ocrx_word' id='word_1_196' title='bbox 533 2997 600 3050; x_wconf 75' lang='lat'>274,</span> <span class='ocrx_word' id='word_1_197' title='bbox 623 3000 647 3036; x_wconf 85' lang='lat' dir='ltr'>et</span> <span class='ocrx_word' id='word_1_198' title='bbox 666 2989 693 3036; x_wconf 89' lang='lat' dir='ltr'>in</span> <span class='ocrx_word' id='word_1_199' title='bbox 736 2988 793 3035; x_wconf 84' lang='lat' dir='ltr'>vide</span> <span class='ocrx_word' id='word_1_200' title='bbox 812 2988 904 3044; x_wconf 80' lang='lat' dir='ltr'>adVI,</span> <span class='ocrx_word' id='word_1_201' title='bbox 925 2989 972 3050; x_wconf 83' lang='grc'>39,</span> <span class='ocrx_word' id='word_1_202' title='bbox 988 3005 1014 3036; x_wconf 88' lang='lat' dir='ltr'>n.</span> <span class='ocrx_word' id='word_1_203' title='bbox 1036 2996 1060 3044; x_wconf 79' lang='grc'>4.</span> <span class='ocrx_word' id='word_1_204' title='bbox 1077 2990 1162 3036; x_wconf 83' lang='lat' dir='ltr'>Baueri</span> <span class='ocrx_word' id='word_1_205' title='bbox 1183 3003 1241 3040; x_wconf 84' lang='lat' dir='ltr'>nota</span> 
     </span>
     <span class='ocr_line' id='line_1_26' title="bbox 187 3066 1241 3136; baseline -0.002 -18"><span class='ocrx_word' id='word_1_206' title='bbox 187 3071 369 3136; x_wconf 80' lang='lat' dir='ltr'>Apophthegm.</span> <span class='ocrx_word' id='word_1_207' title='bbox 382 3088 407 3135; x_wconf 94' lang='lat' dir='ltr'>p.</span> <span class='ocrx_word' id='word_1_208' title='bbox 424 3071 489 3133; x_wconf 76' lang='lat'>198,</span> <span class='ocrx_word' id='word_1_209' title='bbox 503 3069 546 3132; x_wconf 89' lang='lat' dir='ltr'>qui</span> <span class='ocrx_word' id='word_1_210' title='bbox 561 3068 629 3116; x_wconf 89' lang='lat' dir='ltr'>Livio</span> <span class='ocrx_word' id='word_1_211' title='bbox 640 3083 692 3114; x_wconf 86' lang='lat' dir='ltr'>non</span> <span class='ocrx_word' id='word_1_212' title='bbox 736 3077 771 3113; x_wconf 84' lang='lat' dir='ltr'>est</span> <span class='ocrx_word' id='word_1_213' title='bbox 782 3067 875 3114; x_wconf 66' lang='lat' dir='ltr'>:uNon</span> <span class='ocrx_word' id='word_1_214' title='bbox 886 3067 943 3114; x_wconf 81' lang='lat' dir='ltr'>satis</span> <span class='ocrx_word' id='word_1_215' title='bbox 955 3066 1059 3130; x_wconf 89' lang='lat' dir='ltr'>probum</span> <span class='ocrx_word' id='word_1_216' title='bbox 1072 3067 1140 3130; x_wconf 86' lang='lat' dir='ltr'>quod</span> <span class='ocrx_word' id='word_1_217' title='bbox 1146 3085 1192 3132; x_wconf 90' lang='lat' dir='ltr'>pro</span> <span class='ocrx_word' id='word_1_218' title='bbox 1204 3071 1241 3116; x_wconf 85' lang='lat' dir='ltr'>in·</span> 
     </span>
     <span class='ocr_line' id='line_1_27' title="bbox 187 3141 1241 3214; baseline 0.001 -20"><span class='ocrx_word' id='word_1_219' title='bbox 187 3151 259 3214; x_wconf 81' lang='lat' dir='ltr'>plane</span> <span class='ocrx_word' id='word_1_220' title='bbox 272 3151 436 3200; x_wconf 68' lang='lat' dir='ltr'>consentiunt.</span> <span class='ocrx_word' id='word_1_221' title='bbox 735 3141 844 3200; x_wconf 76' lang='lat' dir='ltr'>finitive,</span> <span class='ocrx_word' id='word_1_222' title='bbox 856 3145 901 3192; x_wconf 84' lang='lat' dir='ltr'>etsi</span> <span class='ocrx_word' id='word_1_223' title='bbox 910 3161 985 3206; x_wconf 85' lang='lat' dir='ltr'>qnam</span> <span class='ocrx_word' id='word_1_224' title='bbox 992 3143 1098 3208; x_wconf 71' lang='lat' dir='ltr'>filiciter</span> <span class='ocrx_word' id='word_1_225' title='bbox 1106 3147 1241 3209; x_wconf 75' lang='lat' dir='ltr'>praecedat,</span> 
     </span>
    </p>

    <p class='ocr_par' dir='ltr' id='par_1_5' title="bbox 188 3222 1244 3834">
     <span class='ocr_line' id='line_1_28' title="bbox 225 3222 1241 3299; baseline -0.007 -20"><span class='ocrx_word' id='word_1_226' title='bbox 225 3247 248 3290; x_wconf 81' lang='lat'>7·</span> <span class='ocrx_word' id='word_1_227' title='bbox 269 3231 333 3292; x_wconf 80' lang='lat' dir='ltr'>Quos</span> <span class='ocrx_word' id='word_1_228' title='bbox 344 3239 505 3294; x_wconf 70' lang='lat' dir='ltr'>praetextatos</span> <span class='ocrx_word' id='word_1_229' title='bbox 519 3225 584 3290; x_wconf 86' lang='lat' dir='ltr'>(vid.</span> <span class='ocrx_word' id='word_1_230' title='bbox 601 3225 690 3278; x_wconf 70' lang='lat'>1111.</span> <span class='ocrx_word' id='word_1_231' title='bbox 736 3235 760 3270; x_wconf 87' lang='lat' dir='ltr'>et</span> <span class='ocrx_word' id='word_1_232' title='bbox 773 3233 887 3299; x_wconf 66' lang='lat' dir='ltr'>sequatur</span> <span class='ocrx_word' id='word_1_233' title='bbox 900 3239 948 3270; x_wconf 79' lang='lat' dir='ltr'>non</span> <span class='ocrx_word' id='word_1_234' title='bbox 961 3222 1075 3286; x_wconf 49' lang='lat' dir='ltr'>&amp;narare</span> <span class='ocrx_word' id='word_1_235' title='bbox 1089 3241 1150 3280; x_wconf 71' lang='lat' dir='ltr'>aros,</span> <span class='ocrx_word' id='word_1_236' title='bbox 1164 3241 1178 3272; x_wconf 75' lang='lat' dir='ltr'>a</span> <span class='ocrx_word' id='word_1_237' title='bbox 1191 3243 1241 3289; x_wconf 89' lang='lat' dir='ltr'>qno</span> 
     </span>
     <span class='ocr_line' id='line_1_29' title="bbox 189 3301 1241 3372; baseline -0.008 -13"><span class='ocrx_word' id='word_1_238' title='bbox 189 3308 231 3368; x_wconf 79' lang='lat'>57,</span> <span class='ocrx_word' id='word_1_239' title='bbox 244 3325 269 3358; x_wconf 84' lang='lat' dir='ltr'>u.</span> <span class='ocrx_word' id='word_1_240' title='bbox 284 3309 333 3372; x_wconf 82' lang='lat' dir='ltr'>ro)</span> <span class='ocrx_word' id='word_1_241' title='bbox 346 3325 419 3358; x_wconf 81' lang='lat' dir='ltr'>curru</span> <span class='ocrx_word' id='word_1_242' title='bbox 437 3306 507 3363; x_wconf 72' lang='lat' dir='ltr'>volti,</span> <span class='ocrx_word' id='word_1_243' title='bbox 522 3317 568 3354; x_wconf 83' lang='lat' dir='ltr'>etc.</span> <span class='ocrx_word' id='word_1_244' title='bbox 587 3320 635 3368; x_wconf 88' lang='lat' dir='ltr'>quo</span> <span class='ocrx_word' id='word_1_245' title='bbox 650 3318 696 3354; x_wconf 71' lang='lat' dir='ltr'>eos,</span> <span class='ocrx_word' id='word_1_246' title='bbox 735 3303 815 3348; x_wconf 77' lang='lat' dir='ltr'>minus</span> <span class='ocrx_word' id='word_1_247' title='bbox 826 3301 954 3349; x_wconf 84' lang='lat' dir='ltr'>commode</span> <span class='ocrx_word' id='word_1_248' title='bbox 970 3301 1075 3365; x_wconf 78' lang='lat' dir='ltr'>pendeat</span> <span class='ocrx_word' id='word_1_249' title='bbox 1092 3318 1170 3356; x_wconf 80' lang='lat' dir='ltr'>novus</span> <span class='ocrx_word' id='word_1_250' title='bbox 1185 3303 1241 3351; x_wconf 81' lang='lat' dir='ltr'>infi-</span> 
     </span>
     <span class='ocr_line' id='line_1_30' title="bbox 189 3379 1242 3446; baseline -0.004 -12"><span class='ocrx_word' id='word_1_251' title='bbox 189 3397 267 3440; x_wconf 76' lang='lat' dir='ltr'>‚tamen</span> <span class='ocrx_word' id='word_1_252' title='bbox 287 3399 369 3438; x_wconf 74' lang='lat' dir='ltr'>vector</span> <span class='ocrx_word' id='word_1_253' title='bbox 390 3387 462 3436; x_wconf 71' lang='lat' dir='ltr'>luisse</span> <span class='ocrx_word' id='word_1_254' title='bbox 488 3384 561 3434; x_wconf 77' lang='lat' dir='ltr'>tradit</span> <span class='ocrx_word' id='word_1_255' title='bbox 587 3385 690 3446; x_wconf 86' lang='lat' dir='ltr'>Eutrop.</span> <span class='ocrx_word' id='word_1_256' title='bbox 736 3379 898 3428; x_wconf 78' lang='lat' dir='ltr'>nitivusznec</span> <span class='ocrx_word' id='word_1_257' title='bbox 907 3380 986 3444; x_wconf 76' lang='lat' dir='ltr'>placet</span> <span class='ocrx_word' id='word_1_258' title='bbox 995 3381 1177 3430; x_wconf 83' lang='lat' dir='ltr'>Gronovisnum</span> <span class='ocrx_word' id='word_1_259' title='bbox 1187 3400 1242 3446; x_wconf 70' lang='lat' dir='ltr'>qna:</span> 
     </span>
     <span class='ocr_line' id='line_1_31' title="bbox 188 3457 1241 3529; baseline -0.001 -17"><span class='ocrx_word' id='word_1_260' title='bbox 188 3465 233 3521; x_wconf 82' lang='lat' dir='ltr'>IV,</span> <span class='ocrx_word' id='word_1_261' title='bbox 246 3467 269 3514; x_wconf 80' lang='lat'>8.</span> <span class='ocrx_word' id='word_1_262' title='bbox 280 3493 314 3502; x_wconf 91' lang='grc'>-</span> <span class='ocrx_word' id='word_1_263' title='bbox 325 3465 375 3514; x_wconf 73' lang='lat' dir='ltr'>sthi</span> <span class='ocrx_word' id='word_1_264' title='bbox 389 3465 453 3529; x_wconf 79' lang='lat' dir='ltr'>ipsos</span> <span class='ocrx_word' id='word_1_265' title='bbox 469 3463 556 3512; x_wconf 69' lang='lat' dir='ltr'>subtiles</span> <span class='ocrx_word' id='word_1_266' title='bbox 565 3460 691 3527; x_wconf 69' lang='lat' dir='ltr'>praedesti·</span> <span class='ocrx_word' id='word_1_267' title='bbox 735 3459 783 3505; x_wconf 85' lang='lat' dir='ltr'>duo</span> <span class='ocrx_word' id='word_1_268' title='bbox 789 3457 907 3522; x_wconf 79' lang='lat' dir='ltr'>firlmina.</span> <span class='ocrx_word' id='word_1_269' title='bbox 925 3459 995 3508; x_wconf 81' lang='lat' dir='ltr'>Certe</span> <span class='ocrx_word' id='word_1_270' title='bbox 1009 3459 1057 3506; x_wconf 81' lang='lat' dir='ltr'>duo</span> <span class='ocrx_word' id='word_1_271' title='bbox 1068 3471 1127 3508; x_wconf 85' lang='lat' dir='ltr'>tunc</span> <span class='ocrx_word' id='word_1_272' title='bbox 1139 3463 1241 3512; x_wconf 81' lang='lat' dir='ltr'>abesset.</span> 
     </span>
     <span class='ocr_line' id='line_1_32' title="bbox 188 3536 1241 3606; baseline -0.005 -17"><span class='ocrx_word' id='word_1_273' title='bbox 188 3555 273 3590; x_wconf 77' lang='lat' dir='ltr'>nantes</span> <span class='ocrx_word' id='word_1_274' title='bbox 286 3543 429 3606; x_wconf 71' lang='lat' dir='ltr'>triumphos,</span> <span class='ocrx_word' id='word_1_275' title='bbox 444 3545 527 3606; x_wconf 83' lang='lat' dir='ltr'>potius</span> <span class='ocrx_word' id='word_1_276' title='bbox 542 3541 612 3605; x_wconf 63' lang='lat' dir='ltr'>prsis,</span> <span class='ocrx_word' id='word_1_277' title='bbox 624 3557 692 3588; x_wconf 88' lang='lat' dir='ltr'>more</span> <span class='ocrx_word' id='word_1_278' title='bbox 734 3537 859 3600; x_wconf 83' lang='lat' dir='ltr'>Intellige,</span> <span class='ocrx_word' id='word_1_279' title='bbox 878 3553 906 3584; x_wconf 80' lang='lat' dir='ltr'>se</span> <span class='ocrx_word' id='word_1_280' title='bbox 921 3537 942 3583; x_wconf 89' lang='lat' dir='ltr'>si</span> <span class='ocrx_word' id='word_1_281' title='bbox 959 3539 1023 3584; x_wconf 86' lang='lat' dir='ltr'>foret</span> <span class='ocrx_word' id='word_1_282' title='bbox 1036 3536 1097 3596; x_wconf 78' lang='lat' dir='ltr'>hoc,</span> <span class='ocrx_word' id='word_1_283' title='bbox 1119 3541 1157 3587; x_wconf 84' lang='lat' dir='ltr'>rel</span> <span class='ocrx_word' id='word_1_284' title='bbox 1177 3540 1241 3588; x_wconf 74' lang='lat' dir='ltr'>hanc</span> 
     </span>
     <span class='ocr_line' id='line_1_33' title="bbox 188 3614 1242 3685; baseline -0.004 -17"><span class='ocrx_word' id='word_1_285' title='bbox 188 3621 326 3674; x_wconf 78' lang='lat' dir='ltr'>Ciceronis:</span> <span class='ocrx_word' id='word_1_286' title='bbox 338 3637 425 3685; x_wconf 82' lang='lat' dir='ltr'>nempe</span> <span class='ocrx_word' id='word_1_287' title='bbox 436 3632 465 3668; x_wconf 84' lang='lat' dir='ltr'>ut</span> <span class='ocrx_word' id='word_1_288' title='bbox 482 3635 547 3668; x_wconf 83' lang='lat' dir='ltr'>nunc</span> <span class='ocrx_word' id='word_1_289' title='bbox 559 3619 630 3682; x_wconf 83' lang='lat' dir='ltr'>patri</span> <span class='ocrx_word' id='word_1_290' title='bbox 636 3653 644 3675; x_wconf 92' lang='lat'>,</span> <span class='ocrx_word' id='word_1_291' title='bbox 658 3619 692 3666; x_wconf 82' lang='lat' dir='ltr'>ita</span> <span class='ocrx_word' id='word_1_292' title='bbox 735 3633 800 3671; x_wconf 81' lang='lat' dir='ltr'>rem,</span> <span class='ocrx_word' id='word_1_293' title='bbox 820 3614 994 3670; x_wconf 68' lang='lat' dir='ltr'>baiocasim,</span> <span class='ocrx_word' id='word_1_294' title='bbox 1010 3617 1115 3678; x_wconf 82' lang='lat' dir='ltr'>quod...</span> <span class='ocrx_word' id='word_1_295' title='bbox 1131 3620 1242 3681; x_wconf 79' lang='lat' dir='ltr'>percole-</span> 
     </span>
     <span class='ocr_line' id='line_1_34' title="bbox 188 3694 1244 3762; baseline -0.002 -16"><span class='ocrx_word' id='word_1_296' title='bbox 188 3700 291 3762; x_wconf 71' lang='lat' dir='ltr'>stipsis</span> <span class='ocrx_word' id='word_1_297' title='bbox 310 3699 369 3748; x_wconf 84' lang='lat' dir='ltr'>olim</span> <span class='ocrx_word' id='word_1_298' title='bbox 389 3700 442 3748; x_wconf 81' lang='lat' dir='ltr'>fore</span> <span class='ocrx_word' id='word_1_299' title='bbox 466 3698 537 3748; x_wconf 74' lang='lat' dir='ltr'>talem</span> <span class='ocrx_word' id='word_1_300' title='bbox 559 3697 692 3754; x_wconf 70' lang='lat' dir='ltr'>bonorem</span> <span class='ocrx_word' id='word_1_301' title='bbox 736 3695 792 3742; x_wconf 81' lang='lat' dir='ltr'>rint.</span> <span class='ocrx_word' id='word_1_302' title='bbox 803 3694 927 3741; x_wconf 75' lang='lat' dir='ltr'>»Locutio</span> <span class='ocrx_word' id='word_1_303' title='bbox 941 3694 1026 3755; x_wconf 69' lang='lat' dir='ltr'>ignoro</span> <span class='ocrx_word' id='word_1_304' title='bbox 1042 3695 1185 3756; x_wconf 83' lang='lat' dir='ltr'>quodviros</span> <span class='ocrx_word' id='word_1_305' title='bbox 1198 3697 1244 3744; x_wconf 90' lang='lat' dir='ltr'>do-</span> 
     </span>
     <span class='ocr_line' id='line_1_35' title="bbox 188 3771 1240 3834; baseline -0.003 -10"><span class='ocrx_word' id='word_1_306' title='bbox 188 3779 273 3825; x_wconf 84' lang='lat' dir='ltr'>Baner.</span> <span class='ocrx_word' id='word_1_307' title='bbox 736 3785 789 3822; x_wconf 85' lang='lat' dir='ltr'>ctos</span> <span class='ocrx_word' id='word_1_308' title='bbox 802 3771 923 3829; x_wconf 84' lang='lat' dir='ltr'>offendit;</span> <span class='ocrx_word' id='word_1_309' title='bbox 936 3771 991 3818; x_wconf 88' lang='lat' dir='ltr'>vide</span> <span class='ocrx_word' id='word_1_310' title='bbox 1008 3771 1040 3818; x_wconf 84' lang='lat' dir='ltr'>ad</span> <span class='ocrx_word' id='word_1_311' title='bbox 1057 3775 1107 3834; x_wconf 86' lang='lat'>111,</span> <span class='ocrx_word' id='word_1_312' title='bbox 1119 3774 1166 3831; x_wconf 70' lang='lat' dir='ltr'>ea,</span> <span class='ocrx_word' id='word_1_313' title='bbox 1181 3791 1205 3822; x_wconf 88' lang='lat' dir='ltr'>n.</span> <span class='ocrx_word' id='word_1_314' title='bbox 1217 3791 1240 3821; x_wconf 79' lang='lat' dir='ltr'>s.</span> 
     </span>
    </p>

    <p class='ocr_par' dir='ltr' id='par_1_6' title="bbox 190 3849 1244 4150">
     <span class='ocr_line' id='line_1_36' title="bbox 226 3849 1242 3917; baseline -0.004 -15"><span class='ocrx_word' id='word_1_315' title='bbox 226 3857 249 3902; x_wconf 89' lang='lat'>8.</span> <span class='ocrx_word' id='word_1_316' title='bbox 266 3854 354 3901; x_wconf 79' lang='lat' dir='ltr'>Paucis</span> <span class='ocrx_word' id='word_1_317' title='bbox 369 3865 427 3917; x_wconf 80' lang='lat' dir='ltr'>post</span> <span class='ocrx_word' id='word_1_318' title='bbox 441 3853 538 3905; x_wconf 69' lang='lat' dir='ltr'>diebus,</span> <span class='ocrx_word' id='word_1_319' title='bbox 553 3864 600 3900; x_wconf 85' lang='lat' dir='ltr'>etc.</span> <span class='ocrx_word' id='word_1_320' title='bbox 619 3852 653 3899; x_wconf 88' lang='lat' dir='ltr'>ita</span> <span class='ocrx_word' id='word_1_321' title='bbox 670 3864 694 3901; x_wconf 87' lang='lat' dir='ltr'>et</span> <span class='ocrx_word' id='word_1_322' title='bbox 773 3867 796 3899; x_wconf 77' lang='lat' dir='ltr'>a.</span> <span class='ocrx_word' id='word_1_323' title='bbox 811 3853 940 3911; x_wconf 73' lang='lat' dir='ltr'>Corcyram</span> <span class='ocrx_word' id='word_1_324' title='bbox 952 3849 1034 3906; x_wconf 61' lang='grc' dir='ltr'>πυκνὴ</span> <span class='ocrx_word' id='word_1_325' title='bbox 1047 3849 1101 3898; x_wconf 84' lang='lat' dir='ltr'>vide</span> <span class='ocrx_word' id='word_1_326' title='bbox 1119 3851 1151 3898; x_wconf 86' lang='lat' dir='ltr'>ad</span> <span class='ocrx_word' id='word_1_327' title='bbox 1171 3855 1198 3909; x_wconf 86' lang='lat'>1,</span> <span class='ocrx_word' id='word_1_328' title='bbox 1214 3869 1242 3914; x_wconf 86' lang='lat'>1,</span> 
     </span>
     <span class='ocr_line' id='line_1_37' title="bbox 190 3928 1241 3996; baseline -0.003 -14"><span class='ocrx_word' id='word_1_329' title='bbox 190 3935 253 3982; x_wconf 86' lang='lat' dir='ltr'>Plut.</span> <span class='ocrx_word' id='word_1_330' title='bbox 265 3944 337 3996; x_wconf 79' lang='lat' dir='ltr'>atque</span> <span class='ocrx_word' id='word_1_331' title='bbox 349 3932 454 3995; x_wconf 67' lang='lat' dir='ltr'>appion.</span> <span class='ocrx_word' id='word_1_332' title='bbox 464 3931 489 3978; x_wconf 93' lang='lat' dir='ltr'>ll.</span> <span class='ocrx_word' id='word_1_333' title='bbox 499 3931 525 3978; x_wconf 93' lang='lat' dir='ltr'>ll.</span> <span class='ocrx_word' id='word_1_334' title='bbox 537 3929 695 3991; x_wconf 73' lang='lat' dir='ltr'>MVelleius,</span> <span class='ocrx_word' id='word_1_335' title='bbox 738 3947 761 3976; x_wconf 87' lang='lat' dir='ltr'>n.</span> <span class='ocrx_word' id='word_1_336' title='bbox 776 3931 931 3976; x_wconf 82' lang='lat' dir='ltr'>8.-Lnsera</span> <span class='ocrx_word' id='word_1_337' title='bbox 944 3928 1090 3994; x_wconf 68' lang='lat' dir='ltr'>sacrificavi,</span> <span class='ocrx_word' id='word_1_338' title='bbox 1099 3929 1241 3978; x_wconf 81' lang='lat' dir='ltr'>sacrifioium</span> 
     </span>
     <span class='ocr_line' id='line_1_38' title="bbox 191 4005 1241 4071; baseline -0.005 -11"><span class='ocrx_word' id='word_1_339' title='bbox 191 4011 445 4069; x_wconf 78' lang='lat' dir='ltr'>l‚10aliarefert.-</span> <span class='ocrx_word' id='word_1_340' title='bbox 456 4008 554 4056; x_wconf 80' lang='lat' dir='ltr'>Dataer&#39;</span> <span class='ocrx_word' id='word_1_341' title='bbox 565 4007 693 4062; x_wconf 75' lang='lat' dir='ltr'>coricium,</span> <span class='ocrx_word' id='word_1_342' title='bbox 738 4008 857 4071; x_wconf 76' lang='lat' dir='ltr'>piaculare</span> <span class='ocrx_word' id='word_1_343' title='bbox 875 4005 964 4055; x_wconf 82' lang='lat' dir='ltr'>obtuli.</span> <span class='ocrx_word' id='word_1_344' title='bbox 984 4007 1031 4054; x_wconf 76' lang='lat' dir='ltr'>Sed</span> <span class='ocrx_word' id='word_1_345' title='bbox 1052 4008 1080 4058; x_wconf 76' lang='lat' dir='ltr'>ri</span> <span class='ocrx_word' id='word_1_346' title='bbox 1097 4008 1172 4064; x_wconf 67' lang='lat' dir='ltr'>lusam</span> <span class='ocrx_word' id='word_1_347' title='bbox 1190 4025 1241 4056; x_wconf 84' lang='lat' dir='ltr'>non</span> 
     </span>
     <span class='ocr_line' id='line_1_39' title="bbox 191 4085 1244 4150; baseline -0.005 -12"><span class='ocrx_word' id='word_1_348' title='bbox 191 4101 323 4145; x_wconf 74' lang='lat' dir='ltr'>convocate</span> <span class='ocrx_word' id='word_1_349' title='bbox 333 4090 385 4150; x_wconf 76' lang='lat' dir='ltr'>ejus</span> <span class='ocrx_word' id='word_1_350' title='bbox 397 4103 478 4142; x_wconf 75' lang='lat' dir='ltr'>musa,</span> <span class='ocrx_word' id='word_1_351' title='bbox 491 4097 636 4134; x_wconf 69' lang='lat' dir='ltr'>ultenatum</span> <span class='ocrx_word' id='word_1_352' title='bbox 651 4087 696 4133; x_wconf 85' lang='lat' dir='ltr'>ali·</span> <span class='ocrx_word' id='word_1_353' title='bbox 740 4087 796 4133; x_wconf 75' lang='lat' dir='ltr'>saris</span> <span class='ocrx_word' id='word_1_354' title='bbox 808 4085 897 4148; x_wconf 76' lang='lat' dir='ltr'>placet.</span> <span class='ocrx_word' id='word_1_355' title='bbox 910 4086 999 4134; x_wconf 72' lang='lat' dir='ltr'>Vestris</span> <span class='ocrx_word' id='word_1_356' title='bbox 1013 4087 1079 4145; x_wconf 81' lang='lat' dir='ltr'>conj.</span> <span class='ocrx_word' id='word_1_357' title='bbox 1093 4085 1175 4149; x_wconf 62' lang='lat' dir='ltr'>sigen.</span> <span class='ocrx_word' id='word_1_358' title='bbox 1189 4090 1244 4135; x_wconf 80' lang='lat' dir='ltr'>Ma-</span> 
     </span>
    </p>
   </div>
   <div class='ocr_carea' id='block_1_5' title="bbox 1044 4173 1099 4239">
    <p class='ocr_par' dir='ltr' id='par_1_7' title="bbox 1044 4173 1099 4239">
     <span class='ocr_line' id='line_1_40' title="bbox 1044 4173 1099 4239; baseline 0 0"><span class='ocrx_word' id='word_1_359' title='bbox 1044 4173 1099 4239; x_wconf 79' lang='lat'>23.</span> 
     </span>
    </p>
   </div>
   <div class='ocr_carea' id='block_1_6' title="bbox 0 0 1494 4712">
    <p class='ocr_par' dir='ltr' id='par_1_8' title="bbox 0 0 1494 4712">
     <span class='ocr_line' id='line_1_41' title="bbox 0 0 1494 4712; baseline 0 0"><span class='ocrx_word' id='word_1_360' title='bbox 0 0 1494 4712; x_wconf 95' lang='lat' dir='ltr'> </span> 
     </span>
    </p>
   </div>
  </div>
 </body>
</html>
