<?xml version="1.0" encoding="UTF-8"?>
<!DOCTYPE html PUBLIC "-//W3C//DTD XHTML 1.0 Transitional//EN"
    "http://www.w3.org/TR/xhtml1/DTD/xhtml1-transitional.dtd">
<html xmlns="http://www.w3.org/1999/xhtml" xml:lang="en" lang="en">
 <head>
  <title>
</title>
<meta http-equiv="Content-Type" content="text/html;charset=utf-8" />
  <meta name='ocr-system' content='tesseract 3.04.00' />
  <meta name='ocr-capabilities' content='ocr_page ocr_carea ocr_par ocr_line ocrx_word'/>
</head>
<body>
  <div class='ocr_page' id='page_1' title='image "./titusliviuspata02freigoog_0365.png"; bbox 0 0 2970 4712; ppageno 0'>
   <div class='ocr_carea' id='block_1_1' title="bbox 247 333 1310 2328">
    <p class='ocr_par' dir='ltr' id='par_1_1' title="bbox 249 333 1276 437">
     <span class='ocr_line' id='line_1_1' title="bbox 249 333 1276 437; baseline -0.008 0"><span class='ocrx_word' id='word_1_1' title='bbox 249 364 317 437; x_wconf 78' lang='lat' dir='ltr'><strong>ate</strong></span> <span class='ocrx_word' id='word_1_2' title='bbox 656 361 694 425; x_wconf 83' lang='lat' dir='ltr'><strong>r.</strong></span> <span class='ocrx_word' id='word_1_3' title='bbox 730 356 866 425; x_wconf 76' lang='lat' dir='ltr'><strong>mvn</strong></span> <span class='ocrx_word' id='word_1_4' title='bbox 1160 333 1276 434; x_wconf 67' lang='lat' dir='ltr'><strong>tzssztlt</strong></span> 
     </span>
    </p>

    <p class='ocr_par' dir='ltr' id='par_1_2' title="bbox 247 473 1310 2328">
     <span class='ocr_line' id='line_1_2' title="bbox 248 473 1299 575; baseline -0.009 -23"><span class='ocrx_word' id='word_1_5' title='bbox 248 519 264 552; x_wconf 72' lang='lat' dir='ltr'><strong>a</strong></span> <span class='ocrx_word' id='word_1_6' title='bbox 278 483 477 558; x_wconf 82' lang='lat' dir='ltr'><strong>sacrificavi.</strong></span> <span class='ocrx_word' id='word_1_7' title='bbox 497 487 522 550; x_wconf 76' lang='lat' dir='ltr'>A</span> <span class='ocrx_word' id='word_1_8' title='bbox 545 477 694 575; x_wconf 84' lang='lat' dir='ltr'><strong>Delphis</strong></span> <span class='ocrx_word' id='word_1_9' title='bbox 715 476 844 572; x_wconf 81' lang='lat' dir='ltr'><strong>quinto</strong></span> <span class='ocrx_word' id='word_1_10' title='bbox 865 474 922 544; x_wconf 92' lang='lat' dir='ltr'><strong>die</strong></span> <span class='ocrx_word' id='word_1_11' title='bbox 941 476 976 542; x_wconf 90' lang='lat' dir='ltr'><strong>in</strong></span> <span class='ocrx_word' id='word_1_12' title='bbox 998 488 1110 543; x_wconf 87' lang='lat' dir='ltr'><strong>castra</strong></span> <span class='ocrx_word' id='word_1_13' title='bbox 1130 473 1299 570; x_wconf 71' lang='lat' dir='ltr'><strong>perveni?</strong></span> 
     </span>
     <span class='ocr_line' id='line_1_3' title="bbox 247 582 1302 684; baseline -0.009 -23"><span class='ocrx_word' id='word_1_14' title='bbox 247 628 263 662; x_wconf 73' lang='grc' dir='ltr'><strong>(ι</strong></span> <span class='ocrx_word' id='word_1_15' title='bbox 278 596 341 666; x_wconf 87' lang='lat' dir='ltr'><strong>ubi</strong></span> <span class='ocrx_word' id='word_1_16' title='bbox 361 593 518 663; x_wconf 87' lang='lat' dir='ltr'><strong>exercitu</strong></span> <span class='ocrx_word' id='word_1_17' title='bbox 537 603 704 684; x_wconf 82' lang='lat' dir='ltr'><strong>accepto,</strong></span> <span class='ocrx_word' id='word_1_18' title='bbox 727 588 869 656; x_wconf 90' lang='lat' dir='ltr'><strong>mutatis</strong></span> <span class='ocrx_word' id='word_1_19' title='bbox 885 582 1119 679; x_wconf 90' lang='lat' dir='ltr'><strong>quibusdam,</strong></span> <span class='ocrx_word' id='word_1_20' title='bbox 1136 608 1215 679; x_wconf 88' lang='lat' dir='ltr'><strong>quae</strong></span> <span class='ocrx_word' id='word_1_21' title='bbox 1229 609 1302 675; x_wconf 84' lang='lat' dir='ltr'><strong>ma-</strong></span> 
     </span>
     <span class='ocr_line' id='line_1_4' title="bbox 247 695 1302 802; baseline -0.008 -32"><span class='ocrx_word' id='word_1_22' title='bbox 247 737 264 771; x_wconf 88' lang='lat'>«</span> <span class='ocrx_word' id='word_1_23' title='bbox 278 730 346 802; x_wconf 88' lang='lat' dir='ltr'><strong>gna</strong></span> <span class='ocrx_word' id='word_1_24' title='bbox 368 699 622 798; x_wconf 87' lang='lat' dir='ltr'><strong>impedimenta</strong></span> <span class='ocrx_word' id='word_1_25' title='bbox 646 697 801 766; x_wconf 78' lang='lat' dir='ltr'><strong>victoria</strong></span> <span class='ocrx_word' id='word_1_26' title='bbox 826 708 946 779; x_wconf 92' lang='lat' dir='ltr'><strong>eraut,</strong></span> <span class='ocrx_word' id='word_1_27' title='bbox 969 716 1200 790; x_wconf 87' lang='lat' dir='ltr'><strong>progressus,</strong></span> <span class='ocrx_word' id='word_1_28' title='bbox 1222 695 1302 790; x_wconf 80' lang='lat' dir='ltr'><strong>quia</strong></span> 
     </span>
     <span class='ocr_line' id='line_1_5' title="bbox 248 804 1302 908; baseline -0.007 -30"><span class='ocrx_word' id='word_1_29' title='bbox 248 809 265 878; x_wconf 68' lang='lat'><strong>⁴«</strong></span> <span class='ocrx_word' id='word_1_30' title='bbox 280 808 570 908; x_wconf 81' lang='lat' dir='ltr'>inexpugnabilia</span> <span class='ocrx_word' id='word_1_31' title='bbox 583 820 695 876; x_wconf 89' lang='lat' dir='ltr'><strong>castra</strong></span> <span class='ocrx_word' id='word_1_32' title='bbox 710 804 866 873; x_wconf 73' lang='lat' dir='ltr'><strong>hoetiurn</strong></span> <span class='ocrx_word' id='word_1_33' title='bbox 881 816 1001 888; x_wconf 90' lang='lat' dir='ltr'><strong>erant,</strong></span> <span class='ocrx_word' id='word_1_34' title='bbox 1015 826 1134 897; x_wconf 88' lang='lat' dir='ltr'><strong>neque</strong></span> <span class='ocrx_word' id='word_1_35' title='bbox 1148 805 1228 899; x_wconf 85' lang='lat' dir='ltr'>cogi</span> <span class='ocrx_word' id='word_1_36' title='bbox 1242 827 1302 899; x_wconf 88' lang='lat' dir='ltr'><strong>pu-</strong></span> 
     </span>
     <span class='ocr_line' id='line_1_6' title="bbox 248 910 1305 1021; baseline -0.004 -35"><span class='ocrx_word' id='word_1_37' title='bbox 248 957 264 986; x_wconf 63' lang='lat' dir='ltr'><strong>a</strong></span> <span class='ocrx_word' id='word_1_38' title='bbox 278 947 387 1021; x_wconf 82' lang='lat' dir='ltr'><strong>gnare</strong></span> <span class='ocrx_word' id='word_1_39' title='bbox 406 932 547 1018; x_wconf 88' lang='lat' dir='ltr'><strong>poterat</strong></span> <span class='ocrx_word' id='word_1_40' title='bbox 565 941 647 1001; x_wconf 88' lang='lat' dir='ltr'><strong>rex,</strong></span> <span class='ocrx_word' id='word_1_41' title='bbox 668 916 761 983; x_wconf 90' lang='lat' dir='ltr'><strong>inter</strong></span> <span class='ocrx_word' id='word_1_42' title='bbox 774 910 936 1009; x_wconf 76' lang='lat' dir='ltr'><strong>praesidia</strong></span> <span class='ocrx_word' id='word_1_43' title='bbox 949 911 1027 1005; x_wconf 89' lang='lat' dir='ltr'><strong>ejus</strong></span> <span class='ocrx_word' id='word_1_44' title='bbox 1040 913 1167 982; x_wconf 90' lang='lat' dir='ltr'><strong>saltum</strong></span> <span class='ocrx_word' id='word_1_45' title='bbox 1187 913 1231 982; x_wconf 92' lang='lat' dir='ltr'><strong>ad</strong></span> <span class='ocrx_word' id='word_1_46' title='bbox 1246 917 1305 982; x_wconf 88' lang='lat' dir='ltr'><strong>Pe·</strong></span> 
     </span>
     <span class='ocr_line' id='line_1_7' title="bbox 249 1022 1305 1118; baseline -0.009 -20"><span class='ocrx_word' id='word_1_47' title='bbox 249 1050 370 1104; x_wconf 79' lang='lat' dir='ltr'><strong>«tram</strong></span> <span class='ocrx_word' id='word_1_48' title='bbox 393 1029 508 1115; x_wconf 91' lang='lat' dir='ltr'><strong>evasi,</strong></span> <span class='ocrx_word' id='word_1_49' title='bbox 529 1039 583 1109; x_wconf 90' lang='lat' dir='ltr'><strong>et,</strong></span> <span class='ocrx_word' id='word_1_50' title='bbox 606 1023 647 1093; x_wconf 94' lang='lat' dir='ltr'><strong>ad</strong></span> <span class='ocrx_word' id='word_1_51' title='bbox 670 1045 827 1118; x_wconf 86' lang='lat' dir='ltr'><strong>pugnam</strong></span> <span class='ocrx_word' id='word_1_52' title='bbox 851 1044 934 1117; x_wconf 82' lang='lat' dir='ltr'><strong>rege</strong></span> <span class='ocrx_word' id='word_1_53' title='bbox 959 1034 1103 1106; x_wconf 89' lang='lat' dir='ltr'><strong>coact0,</strong></span> <span class='ocrx_word' id='word_1_54' title='bbox 1125 1022 1200 1090; x_wconf 87' lang='lat' dir='ltr'><strong>acie</strong></span> <span class='ocrx_word' id='word_1_55' title='bbox 1220 1022 1305 1106; x_wconf 64' lang='lat' dir='ltr'><strong>vici}</strong></span> 
     </span>
     <span class='ocr_line' id='line_1_8' title="bbox 249 1128 1304 1229; baseline -0.008 -22"><span class='ocrx_word' id='word_1_56' title='bbox 249 1173 266 1207; x_wconf 85' lang='lat'>«</span> <span class='ocrx_word' id='word_1_57' title='bbox 280 1139 525 1212; x_wconf 89' lang='lat' dir='ltr'><strong>Macedoniam</strong></span> <span class='ocrx_word' id='word_1_58' title='bbox 552 1137 588 1202; x_wconf 91' lang='lat' dir='ltr'><strong>in</strong></span> <span class='ocrx_word' id='word_1_59' title='bbox 618 1145 830 1229; x_wconf 89' lang='lat' dir='ltr'><strong>potestatem</strong></span> <span class='ocrx_word' id='word_1_60' title='bbox 852 1128 978 1226; x_wconf 87' lang='lat' dir='ltr'><strong>populi</strong></span> <span class='ocrx_word' id='word_1_61' title='bbox 1002 1131 1141 1198; x_wconf 89' lang='lat' dir='ltr'><strong>romani</strong></span> <span class='ocrx_word' id='word_1_62' title='bbox 1165 1128 1304 1225; x_wconf 82' lang='lat' dir='ltr'><strong>redegi,</strong></span> 
     </span>
     <span class='ocr_line' id='line_1_9' title="bbox 249 1240 1306 1345; baseline -0.006 -29"><span class='ocrx_word' id='word_1_63' title='bbox 249 1251 334 1337; x_wconf 75' lang='lat' dir='ltr'><strong>«et,</strong></span> <span class='ocrx_word' id='word_1_64' title='bbox 359 1247 459 1345; x_wconf 89' lang='lat' dir='ltr'><strong>quod</strong></span> <span class='ocrx_word' id='word_1_65' title='bbox 482 1243 620 1315; x_wconf 90' lang='lat' dir='ltr'><strong>bellum</strong></span> <span class='ocrx_word' id='word_1_66' title='bbox 650 1265 714 1338; x_wconf 88' lang='lat' dir='ltr'><strong>per</strong></span> <span class='ocrx_word' id='word_1_67' title='bbox 740 1240 1019 1337; x_wconf 85' lang='lat' dir='ltr'><strong>quadriennium</strong></span> <span class='ocrx_word' id='word_1_68' title='bbox 1046 1255 1205 1336; x_wconf 86' lang='lat' dir='ltr'><strong>quatuor</strong></span> <span class='ocrx_word' id='word_1_69' title='bbox 1226 1254 1306 1310; x_wconf 90' lang='lat' dir='ltr'><strong>ante</strong></span> 
     </span>
     <span class='ocr_line' id='line_1_10' title="bbox 249 1347 1307 1446; baseline -0.005 -24"><span class='ocrx_word' id='word_1_70' title='bbox 249 1389 265 1423; x_wconf 86' lang='lat'>«</span> <span class='ocrx_word' id='word_1_71' title='bbox 280 1356 338 1426; x_wconf 82' lang='lat' dir='ltr'><strong>me</strong></span> <span class='ocrx_word' id='word_1_72' title='bbox 365 1347 554 1424; x_wconf 77' lang='lat' dir='ltr'><strong>consules³</strong></span> <span class='ocrx_word' id='word_1_73' title='bbox 578 1352 627 1419; x_wconf 91' lang='lat' dir='ltr'><strong>ita</strong></span> <span class='ocrx_word' id='word_1_74' title='bbox 654 1363 860 1446; x_wconf 84' lang='lat' dir='ltr'><strong>gesserunt,</strong></span> <span class='ocrx_word' id='word_1_75' title='bbox 886 1362 927 1417; x_wconf 91' lang='lat' dir='ltr'><strong>ut</strong></span> <span class='ocrx_word' id='word_1_76' title='bbox 950 1372 1091 1445; x_wconf 85' lang='lat' dir='ltr'><strong>semper</strong></span> <span class='ocrx_word' id='word_1_77' title='bbox 1107 1351 1307 1421; x_wconf 84' lang='lat' dir='ltr'><strong>&#39;successori</strong></span> 
     </span>
     <span class='ocr_line' id='line_1_11' title="bbox 250 1457 1306 1558; baseline -0.002 -26"><span class='ocrx_word' id='word_1_78' title='bbox 250 1465 463 1538; x_wconf 86' lang='lat' dir='ltr'><strong>«traderent</strong></span> <span class='ocrx_word' id='word_1_79' title='bbox 481 1462 638 1558; x_wconf 85' lang='lat' dir='ltr'><strong>gravius,</strong></span> <span class='ocrx_word' id='word_1_80' title='bbox 658 1459 695 1528; x_wconf 89' lang='lat' dir='ltr'><strong>id</strong></span> <span class='ocrx_word' id='word_1_81' title='bbox 713 1483 779 1556; x_wconf 85' lang='lat' dir='ltr'><strong>ego</strong></span> <span class='ocrx_word' id='word_1_82' title='bbox 799 1457 1004 1554; x_wconf 89' lang='lat' dir='ltr'><strong>quindecim</strong></span> <span class='ocrx_word' id='word_1_83' title='bbox 1023 1458 1151 1530; x_wconf 91' lang='lat' dir='ltr'><strong>diebus</strong></span> <span class='ocrx_word' id='word_1_84' title='bbox 1164 1458 1306 1556; x_wconf 86' lang='lat' dir='ltr'><strong>perfeci.</strong></span> 
     </span>
     <span class='ocr_line' id='line_1_12' title="bbox 251 1567 1309 1666; baseline -0.004 -24"><span class='ocrx_word' id='word_1_85' title='bbox 251 1576 438 1645; x_wconf 82' lang='lat' dir='ltr'><strong>«Aliarum</strong></span> <span class='ocrx_word' id='word_1_86' title='bbox 459 1569 589 1641; x_wconf 91' lang='lat' dir='ltr'><strong>deinde</strong></span> <span class='ocrx_word' id='word_1_87' title='bbox 608 1567 844 1640; x_wconf 90' lang='lat' dir='ltr'><strong>secundarum</strong></span> <span class='ocrx_word' id='word_1_88' title='bbox 863 1592 986 1638; x_wconf 90' lang='lat' dir='ltr'><strong>rerum</strong></span> <span class='ocrx_word' id='word_1_89' title='bbox 1004 1568 1101 1638; x_wconf 88' lang='lat' dir='ltr'><strong>velut</strong></span> <span class='ocrx_word' id='word_1_90' title='bbox 1114 1584 1309 1666; x_wconf 89' lang='lat' dir='ltr'><strong>proventus</strong></span> 
     </span>
     <span class='ocr_line' id='line_1_13' title="bbox 250 1676 1308 1781; baseline -0.003 -31"><span class='ocrx_word' id='word_1_91' title='bbox 250 1717 266 1750; x_wconf 89' lang='lat'>«</span> <span class='ocrx_word' id='word_1_92' title='bbox 281 1697 465 1781; x_wconf 83' lang='lat' dir='ltr'><strong>sequutus.</strong></span> <span class='ocrx_word' id='word_1_93' title='bbox 482 1682 648 1751; x_wconf 82' lang='lat' dir='ltr'><strong>Civitates</strong></span> <span class='ocrx_word' id='word_1_94' title='bbox 657 1702 784 1748; x_wconf 86' lang='lat' dir='ltr'><strong>ornnes</strong></span> <span class='ocrx_word' id='word_1_95' title='bbox 796 1676 1014 1749; x_wconf 71' lang='lat' dir='ltr'><strong>Macedoniae</strong></span> <span class='ocrx_word' id='word_1_96' title='bbox 1027 1702 1064 1750; x_wconf 93' lang='lat' dir='ltr'><strong>se</strong></span> <span class='ocrx_word' id='word_1_97' title='bbox 1077 1677 1308 1764; x_wconf 90' lang='lat' dir='ltr'><strong>dediderunt;</strong></span> 
     </span>
     <span class='ocr_line' id='line_1_14' title="bbox 251 1788 1309 1890; baseline 0 -32"><span class='ocrx_word' id='word_1_98' title='bbox 251 1826 267 1858; x_wconf 87' lang='lat'>«</span> <span class='ocrx_word' id='word_1_99' title='bbox 282 1817 365 1890; x_wconf 84' lang='lat' dir='ltr'><strong>gaza</strong></span> <span class='ocrx_word' id='word_1_100' title='bbox 376 1790 472 1887; x_wconf 85' lang='lat' dir='ltr'><strong>regia</strong></span> <span class='ocrx_word' id='word_1_101' title='bbox 488 1790 525 1858; x_wconf 92' lang='lat' dir='ltr'><strong>in</strong></span> <span class='ocrx_word' id='word_1_102' title='bbox 540 1802 756 1885; x_wconf 89' lang='lat' dir='ltr'><strong>potestatem</strong></span> <span class='ocrx_word' id='word_1_103' title='bbox 768 1788 867 1858; x_wconf 89' lang='lat' dir='ltr'><strong>venit</strong></span> <span class='ocrx_word' id='word_1_104' title='bbox 879 1813 888 1872; x_wconf 82' lang='lat'>3</span> <span class='ocrx_word' id='word_1_105' title='bbox 901 1811 965 1858; x_wconf 85' lang='lat' dir='ltr'><strong>rex</strong></span> <span class='ocrx_word' id='word_1_106' title='bbox 978 1790 1072 1884; x_wconf 85' lang='lat' dir='ltr'><strong>ipsc,</strong></span> <span class='ocrx_word' id='word_1_107' title='bbox 1086 1788 1309 1859; x_wconf 83' lang='lat' dir='ltr'><strong>tradentibus</strong></span> 
     </span>
     <span class='ocr_line' id='line_1_15' title="bbox 251 1896 1310 1998; baseline 0.002 -32"><span class='ocrx_word' id='word_1_108' title='bbox 251 1933 267 1966; x_wconf 70' lang='grc' dir='ltr'><strong>ι(</strong></span> <span class='ocrx_word' id='word_1_109' title='bbox 281 1925 395 1998; x_wconf 89' lang='lat' dir='ltr'><strong>prope</strong></span> <span class='ocrx_word' id='word_1_110' title='bbox 410 1899 494 1996; x_wconf 89' lang='lat' dir='ltr'><strong>ipsis</strong></span> <span class='ocrx_word' id='word_1_111' title='bbox 509 1897 594 1983; x_wconf 90' lang='lat' dir='ltr'><strong>diis,</strong></span> <span class='ocrx_word' id='word_1_112' title='bbox 608 1899 645 1966; x_wconf 90' lang='lat' dir='ltr'><strong>in</strong></span> <span class='ocrx_word' id='word_1_113' title='bbox 659 1896 795 1993; x_wconf 87' lang='lat' dir='ltr'><strong>templo</strong></span> <span class='ocrx_word' id='word_1_114' title='bbox 808 1896 1080 1993; x_wconf 87' lang='lat' dir='ltr'><strong>Samothracum</strong></span> <span class='ocrx_word' id='word_1_115' title='bbox 1095 1923 1177 1968; x_wconf 89' lang='lat' dir='ltr'><strong>cum</strong></span> <span class='ocrx_word' id='word_1_116' title='bbox 1191 1897 1310 1968; x_wconf 88' lang='lat' dir='ltr'><strong>liberis</strong></span> 
     </span>
     <span class='ocr_line' id='line_1_16' title="bbox 252 2004 1310 2106; baseline 0.001 -31"><span class='ocrx_word' id='word_1_117' title='bbox 252 2041 268 2075; x_wconf 87' lang='grc'>«</span> <span class='ocrx_word' id='word_1_118' title='bbox 283 2025 337 2080; x_wconf 88' lang='lat' dir='ltr'><strong>est</strong></span> <span class='ocrx_word' id='word_1_119' title='bbox 350 2023 486 2106; x_wconf 92' lang='lat' dir='ltr'><strong>captus.</strong></span> <span class='ocrx_word' id='word_1_120' title='bbox 502 2005 591 2076; x_wconf 88' lang='lat' dir='ltr'><strong>Mihi</strong></span> <span class='ocrx_word' id='word_1_121' title='bbox 604 2029 753 2102; x_wconf 86' lang='lat' dir='ltr'><strong>quoque</strong></span> <span class='ocrx_word' id='word_1_122' title='bbox 774 2006 840 2101; x_wconf 89' lang='lat' dir='ltr'><strong>ipsi</strong></span> <span class='ocrx_word' id='word_1_123' title='bbox 860 2006 969 2075; x_wconf 90' lang='lat' dir='ltr'><strong>nimia</strong></span> <span class='ocrx_word' id='word_1_124' title='bbox 981 2006 1053 2099; x_wconf 87' lang='lat' dir='ltr'><strong>jam</strong></span> <span class='ocrx_word' id='word_1_125' title='bbox 1072 2004 1215 2076; x_wconf 84' lang='lat' dir='ltr'><strong>fortuna</strong></span> <span class='ocrx_word' id='word_1_126' title='bbox 1231 2031 1310 2105; x_wconf 25' lang='lat' dir='ltr'><strong>&#39;mea</strong></span> 
     </span>
     <span class='ocr_line' id='line_1_17' title="bbox 251 2116 1310 2211; baseline 0.002 -29"><span class='ocrx_word' id='word_1_127' title='bbox 251 2147 268 2182; x_wconf 85' lang='lat'>«</span> <span class='ocrx_word' id='word_1_128' title='bbox 281 2117 415 2202; x_wconf 88' lang='lat' dir='ltr'><strong>videri,</strong></span> <span class='ocrx_word' id='word_1_129' title='bbox 442 2138 558 2210; x_wconf 89' lang='lat' dir='ltr'><strong>eoque</strong></span> <span class='ocrx_word' id='word_1_130' title='bbox 584 2128 747 2209; x_wconf 90' lang='lat' dir='ltr'><strong>suspecta</strong></span> <span class='ocrx_word' id='word_1_131' title='bbox 769 2137 854 2184; x_wconf 86' lang='lat' dir='ltr'><strong>esse.</strong></span> <span class='ocrx_word' id='word_1_132' title='bbox 878 2116 986 2184; x_wconf 91' lang='lat' dir='ltr'><strong>Maris</strong></span> <span class='ocrx_word' id='word_1_133' title='bbox 1008 2116 1166 2211; x_wconf 89' lang='lat' dir='ltr'><strong>pericula</strong></span> <span class='ocrx_word' id='word_1_134' title='bbox 1187 2117 1310 2186; x_wconf 88' lang='lat' dir='ltr'><strong>timere</strong></span> 
     </span>
     <span class='ocr_line' id='line_1_18' title="bbox 252 2224 1310 2328; baseline 0.005 -38"><span class='ocrx_word' id='word_1_135' title='bbox 252 2257 268 2290; x_wconf 74' lang='lat' dir='ltr'><strong>a</strong></span> <span class='ocrx_word' id='word_1_136' title='bbox 283 2228 377 2321; x_wconf 89' lang='lat' dir='ltr'><strong>coepi</strong></span> <span class='ocrx_word' id='word_1_137' title='bbox 391 2226 428 2293; x_wconf 90' lang='lat' dir='ltr'><strong>in</strong></span> <span class='ocrx_word' id='word_1_138' title='bbox 443 2238 540 2294; x_wconf 91' lang='lat' dir='ltr'><strong>tanta</strong></span> <span class='ocrx_word' id='word_1_139' title='bbox 554 2225 705 2328; x_wconf 82' lang='lat' dir='ltr'><strong>pecunia</strong></span> <span class='ocrx_word' id='word_1_140' title='bbox 720 2225 865 2319; x_wconf 83' lang='lat' dir='ltr'><strong>regiain</strong></span> <span class='ocrx_word' id='word_1_141' title='bbox 883 2224 1018 2295; x_wconf 91' lang='lat' dir='ltr'><strong>Italiam</strong></span> <span class='ocrx_word' id='word_1_142' title='bbox 1032 2226 1257 2320; x_wconf 88' lang='lat' dir='ltr'><strong>trajicienda,</strong></span> <span class='ocrx_word' id='word_1_143' title='bbox 1277 2240 1310 2296; x_wconf 90' lang='lat' dir='ltr'><strong>et</strong></span> 
     </span>
    </p>
   </div>
   <div class='ocr_carea' id='block_1_2' title="bbox 252 2332 1358 3087">
    <p class='ocr_par' dir='ltr' id='par_1_3' title="bbox 252 2332 1358 3087">
     <span class='ocr_line' id='line_1_19' title="bbox 252 2332 1312 2429; baseline 0.007 -31"><span class='ocrx_word' id='word_1_144' title='bbox 252 2365 268 2399; x_wconf 87' lang='grc'>«</span> <span class='ocrx_word' id='word_1_145' title='bbox 283 2336 418 2404; x_wconf 88' lang='lat' dir='ltr'><strong>victore</strong></span> <span class='ocrx_word' id='word_1_146' title='bbox 433 2332 592 2402; x_wconf 86' lang='lat' dir='ltr'><strong>exercitu</strong></span> <span class='ocrx_word' id='word_1_147' title='bbox 610 2333 899 2429; x_wconf 84' lang='lat' dir='ltr'><strong>transportando.</strong></span> <span class='ocrx_word' id='word_1_148' title='bbox 919 2338 1113 2429; x_wconf 76' lang='lat' dir='ltr'><strong>Postquam</strong></span> <span class='ocrx_word' id='word_1_149' title='bbox 1126 2337 1247 2405; x_wconf 90' lang='lat' dir='ltr'><strong>omnia</strong></span> <span class='ocrx_word' id='word_1_150' title='bbox 1261 2360 1312 2405; x_wconf 90' lang='lat' dir='ltr'><strong>se·</strong></span> 
     </span>
     <span class='ocr_line' id='line_1_20' title="bbox 253 2435 1312 2541; baseline 0.008 -35"><span class='ocrx_word' id='word_1_151' title='bbox 253 2474 269 2507; x_wconf 88' lang='lat'>«</span> <span class='ocrx_word' id='word_1_152' title='bbox 283 2442 405 2513; x_wconf 90' lang='lat' dir='ltr'><strong>cundo</strong></span> <span class='ocrx_word' id='word_1_153' title='bbox 420 2440 562 2509; x_wconf 89' lang='lat' dir='ltr'><strong>navium</strong></span> <span class='ocrx_word' id='word_1_154' title='bbox 584 2435 692 2510; x_wconf 86' lang='lat' dir='ltr'><strong>cursu</strong></span> <span class='ocrx_word' id='word_1_155' title='bbox 711 2442 747 2509; x_wconf 93' lang='lat' dir='ltr'><strong>in</strong></span> <span class='ocrx_word' id='word_1_156' title='bbox 765 2443 900 2512; x_wconf 89' lang='lat' dir='ltr'><strong>Italiam</strong></span> <span class='ocrx_word' id='word_1_157' title='bbox 917 2459 1175 2539; x_wconf 89' lang='lat' dir='ltr'><strong>pervenerunt,</strong></span> <span class='ocrx_word' id='word_1_158' title='bbox 1194 2470 1312 2541; x_wconf 90' lang='lat' dir='ltr'><strong>neque</strong></span> 
     </span>
     <span class='ocr_line' id='line_1_21' title="bbox 255 2548 1358 2648; baseline 0.003 -30"><span class='ocrx_word' id='word_1_159' title='bbox 255 2583 271 2618; x_wconf 73' lang='lat' dir='ltr'><strong>a</strong></span> <span class='ocrx_word' id='word_1_160' title='bbox 286 2566 378 2638; x_wconf 91' lang='lat' dir='ltr'><strong>erat,</strong></span> <span class='ocrx_word' id='word_1_161' title='bbox 393 2549 494 2647; x_wconf 91' lang='lat' dir='ltr'><strong>quod</strong></span> <span class='ocrx_word' id='word_1_162' title='bbox 507 2548 602 2620; x_wconf 91' lang='lat' dir='ltr'><strong>ultra</strong></span> <span class='ocrx_word' id='word_1_163' title='bbox 615 2573 790 2645; x_wconf 89' lang='lat' dir='ltr'><strong>precarer,</strong></span> <span class='ocrx_word' id='word_1_164' title='bbox 805 2549 893 2620; x_wconf 93' lang='lat' dir='ltr'><strong>illud</strong></span> <span class='ocrx_word' id='word_1_165' title='bbox 908 2554 1046 2648; x_wconf 88' lang='lat' dir='ltr'><strong>optavi,</strong></span> <span class='ocrx_word' id='word_1_166' title='bbox 1060 2567 1122 2639; x_wconf 88' lang='lat' dir='ltr'><strong>ut,</strong></span> <span class='ocrx_word' id='word_1_167' title='bbox 1141 2577 1255 2648; x_wconf 92' lang='lat' dir='ltr'><strong>quum</strong></span> <span class='ocrx_word' id='word_1_168' title='bbox 1270 2578 1313 2624; x_wconf 83' lang='lat' dir='ltr'><strong>ex</strong></span> <span class='ocrx_word' id='word_1_169' title='bbox 1355 2603 1358 2610; x_wconf 68' lang='lat'><strong>,</strong></span> 
     </span>
     <span class='ocr_line' id='line_1_22' title="bbox 255 2657 1312 2744; baseline 0.003 -17"><span class='ocrx_word' id='word_1_170' title='bbox 255 2686 426 2733; x_wconf 82' lang='lat' dir='ltr'><strong>«summo</strong></span> <span class='ocrx_word' id='word_1_171' title='bbox 441 2674 537 2730; x_wconf 90' lang='lat' dir='ltr'><strong>retro</strong></span> <span class='ocrx_word' id='word_1_172' title='bbox 554 2658 650 2728; x_wconf 88' lang='lat' dir='ltr'><strong>volvi</strong></span> <span class='ocrx_word' id='word_1_173' title='bbox 664 2657 808 2730; x_wconf 86' lang='lat' dir='ltr'><strong>fortuna</strong></span> <span class='ocrx_word' id='word_1_174' title='bbox 823 2675 1029 2731; x_wconf 80' lang='lat' dir='ltr'><strong>consuesset</strong></span> <span class='ocrx_word' id='word_1_175' title='bbox 1038 2665 1065 2744; x_wconf 71' lang='grc'><strong>4,</strong></span> <span class='ocrx_word' id='word_1_176' title='bbox 1078 2664 1312 2733; x_wconf 85' lang='lat' dir='ltr'><strong>mutationem</strong></span> 
     </span>
     <span class='ocr_line' id='line_1_23' title="bbox 255 2769 1312 2867; baseline 0.003 -30"><span class='ocrx_word' id='word_1_177' title='bbox 255 2773 364 2866; x_wconf 79' lang='lat' dir='ltr'><strong>«ejus</strong></span> <span class='ocrx_word' id='word_1_178' title='bbox 383 2770 514 2840; x_wconf 90' lang='lat' dir='ltr'><strong>domus</strong></span> <span class='ocrx_word' id='word_1_179' title='bbox 531 2793 610 2838; x_wconf 90' lang='lat' dir='ltr'><strong>mea</strong></span> <span class='ocrx_word' id='word_1_180' title='bbox 630 2769 767 2866; x_wconf 91' lang='lat' dir='ltr'><strong>potius,</strong></span> <span class='ocrx_word' id='word_1_181' title='bbox 787 2794 895 2865; x_wconf 90' lang='lat' dir='ltr'><strong>quam</strong></span> <span class='ocrx_word' id='word_1_182' title='bbox 916 2769 1137 2867; x_wconf 86' lang='lat' dir='ltr'><strong>respublica,</strong></span> <span class='ocrx_word' id='word_1_183' title='bbox 1156 2775 1312 2842; x_wconf 83' lang='lat' dir='ltr'><strong>sentiret.</strong></span> 
     </span>
     <span class='ocr_line' id='line_1_24' title="bbox 256 2877 1314 2977; baseline 0.001 -29"><span class='ocrx_word' id='word_1_184' title='bbox 256 2914 272 2948; x_wconf 74' lang='grc' dir='ltr'><strong>(ι</strong></span> <span class='ocrx_word' id='word_1_185' title='bbox 287 2887 412 2977; x_wconf 89' lang='lat' dir='ltr'><strong>ltaque</strong></span> <span class='ocrx_word' id='word_1_186' title='bbox 430 2877 634 2950; x_wconf 83' lang='lat' dir='ltr'><strong>defunctam</strong></span> <span class='ocrx_word' id='word_1_187' title='bbox 652 2903 728 2948; x_wconf 88' lang='lat' dir='ltr'><strong>esse</strong></span> <span class='ocrx_word' id='word_1_188' title='bbox 745 2877 926 2949; x_wconf 84' lang='lat' dir='ltr'><strong>fortunam</strong></span> <span class='ocrx_word' id='word_1_189' title='bbox 944 2878 1124 2977; x_wconf 87' lang='lat' dir='ltr'><strong>publicam</strong></span> <span class='ocrx_word' id='word_1_190' title='bbox 1144 2905 1223 2951; x_wconf 88' lang='lat' dir='ltr'><strong>mea</strong></span> <span class='ocrx_word' id='word_1_191' title='bbox 1243 2897 1314 2950; x_wconf 89' lang='lat' dir='ltr'><strong>tam</strong></span> 
     </span>
     <span class='ocr_line' id='line_1_25' title="bbox 254 2989 1316 3087; baseline 0 -29"><span class='ocrx_word' id='word_1_192' title='bbox 254 3025 270 3058; x_wconf 63' lang='grc' dir='ltr'><strong>(ι</strong></span> <span class='ocrx_word' id='word_1_193' title='bbox 284 2992 414 3086; x_wconf 86' lang='lat' dir='ltr'><strong>insigni</strong></span> <span class='ocrx_word' id='word_1_194' title='bbox 426 2990 625 3060; x_wconf 88' lang='lat' dir='ltr'><strong>calamitate</strong></span> <span class='ocrx_word' id='word_1_195' title='bbox 638 2993 762 3085; x_wconf 81' lang='lat' dir='ltr'><strong>s&#39;per03</strong></span> <span class='ocrx_word' id='word_1_196' title='bbox 778 2989 878 3085; x_wconf 92' lang='lat' dir='ltr'><strong>quod</strong></span> <span class='ocrx_word' id='word_1_197' title='bbox 892 2990 1097 3087; x_wconf 89' lang='lat' dir='ltr'><strong>triumphus</strong></span> <span class='ocrx_word' id='word_1_198' title='bbox 1110 3014 1231 3078; x_wconf 90' lang='lat' dir='ltr'><strong>meus,</strong></span> <span class='ocrx_word' id='word_1_199' title='bbox 1245 2990 1316 3061; x_wconf 88' lang='lat' dir='ltr'><strong>vel-</strong></span> 
     </span>
    </p>
   </div>
   <div class='ocr_carea' id='block_1_3' title="bbox 255 3208 1321 4132">
    <p class='ocr_par' dir='ltr' id='par_1_4' title="bbox 255 3208 1321 4132">
     <span class='ocr_line' id='line_1_26' title="bbox 255 3208 1314 3272; baseline 0.001 -14"><span class='ocrx_word' id='word_1_200' title='bbox 255 3213 299 3258; x_wconf 90' lang='lat' dir='ltr'><strong>lim</strong></span> <span class='ocrx_word' id='word_1_201' title='bbox 314 3209 425 3258; x_wconf 79' lang='lat' dir='ltr'><strong>hostias:</strong></span> <span class='ocrx_word' id='word_1_202' title='bbox 436 3208 545 3256; x_wconf 83' lang='lat' dir='ltr'><strong>nisivox</strong></span> <span class='ocrx_word' id='word_1_203' title='bbox 561 3209 633 3272; x_wconf 81' lang='lat' dir='ltr'><strong>plane</strong></span> <span class='ocrx_word' id='word_1_204' title='bbox 648 3208 763 3265; x_wconf 85' lang='lat' dir='ltr'><strong>delenda,</strong></span> <span class='ocrx_word' id='word_1_205' title='bbox 808 3226 832 3256; x_wconf 92' lang='lat' dir='ltr'><strong>a.</strong></span> <span class='ocrx_word' id='word_1_206' title='bbox 843 3226 880 3258; x_wconf 81' lang='lat' dir='ltr'><strong>ms</strong></span> <span class='ocrx_word' id='word_1_207' title='bbox 894 3227 934 3267; x_wconf 85' lang='lat' dir='ltr'><strong>c.,·</strong></span> <span class='ocrx_word' id='word_1_208' title='bbox 950 3221 988 3258; x_wconf 87' lang='lat' dir='ltr'><strong>tot</strong></span> <span class='ocrx_word' id='word_1_209' title='bbox 1009 3212 1073 3258; x_wconf 82' lang='lat' dir='ltr'><strong>enim</strong></span> <span class='ocrx_word' id='word_1_210' title='bbox 1095 3223 1189 3260; x_wconf 86' lang='lat' dir='ltr'><strong>tantum</strong></span> <span class='ocrx_word' id='word_1_211' title='bbox 1206 3213 1314 3270; x_wconf 81' lang='lat' dir='ltr'><strong>fuerunt,</strong></span> 
     </span>
     <span class='ocr_line' id='line_1_27' title="bbox 257 3285 1318 3350; baseline 0 -14"><span class='ocrx_word' id='word_1_212' title='bbox 257 3301 280 3336; x_wconf 85' lang='lat' dir='ltr'><strong>et</strong></span> <span class='ocrx_word' id='word_1_213' title='bbox 296 3304 356 3336; x_wconf 82' lang='lat' dir='ltr'><strong>mox</strong></span> <span class='ocrx_word' id='word_1_214' title='bbox 372 3287 417 3349; x_wconf 77' lang='lat' dir='ltr'><strong>leg.</strong></span> <span class='ocrx_word' id='word_1_215' title='bbox 431 3285 473 3333; x_wconf 84' lang='lat' dir='ltr'><strong>ubi</strong></span> <span class='ocrx_word' id='word_1_216' title='bbox 487 3286 595 3334; x_wconf 62' lang='lat' dir='ltr'><strong>werrico</strong></span> <span class='ocrx_word' id='word_1_217' title='bbox 610 3297 708 3350; x_wconf 82' lang='lat' dir='ltr'><strong>accepto</strong></span> <span class='ocrx_word' id='word_1_218' title='bbox 727 3288 763 3334; x_wconf 86' lang='lat' dir='ltr'><strong>lu·</strong></span> <span class='ocrx_word' id='word_1_219' title='bbox 808 3291 837 3337; x_wconf 85' lang='lat' dir='ltr'><strong>P.</strong></span> <span class='ocrx_word' id='word_1_220' title='bbox 845 3287 953 3336; x_wconf 86' lang='lat' dir='ltr'><strong>Licinius</strong></span> <span class='ocrx_word' id='word_1_221' title='bbox 963 3290 1073 3348; x_wconf 76' lang='lat' dir='ltr'><strong>Crassus,</strong></span> <span class='ocrx_word' id='word_1_222' title='bbox 1082 3292 1113 3338; x_wconf 78' lang='lat' dir='ltr'><strong>A.</strong></span> <span class='ocrx_word' id='word_1_223' title='bbox 1121 3290 1242 3338; x_wconf 84' lang='lat' dir='ltr'><strong>Hostilius</strong></span> <span class='ocrx_word' id='word_1_224' title='bbox 1251 3292 1318 3337; x_wconf 74' lang='lat' dir='ltr'><strong>Man</strong></span> 
     </span>
     <span class='ocr_line' id='line_1_28' title="bbox 256 3364 1317 3432; baseline -0.001 -17"><span class='ocrx_word' id='word_1_225' title='bbox 256 3378 397 3429; x_wconf 80' lang='lat' dir='ltr'><strong>stratoque,</strong></span> <span class='ocrx_word' id='word_1_226' title='bbox 420 3364 533 3421; x_wconf 70' lang='lat' dir='ltr'><strong>mercatis,</strong></span> <span class='ocrx_word' id='word_1_227' title='bbox 557 3368 658 3412; x_wconf 74' lang='lat' dir='ltr'><strong>atella</strong></span> <span class='ocrx_word' id='word_1_228' title='bbox 678 3365 764 3428; x_wconf 75' lang='lat' dir='ltr'><strong>legisse</strong></span> <span class='ocrx_word' id='word_1_229' title='bbox 809 3367 891 3424; x_wconf 86' lang='lat' dir='ltr'><strong>cinus,</strong></span> <span class='ocrx_word' id='word_1_230' title='bbox 908 3369 940 3429; x_wconf 90' lang='lat' dir='ltr'><strong>Q.</strong></span> <span class='ocrx_word' id='word_1_231' title='bbox 955 3369 1062 3415; x_wconf 79' lang='lat' dir='ltr'><strong>Marcius</strong></span> <span class='ocrx_word' id='word_1_232' title='bbox 1076 3368 1215 3432; x_wconf 68' lang='lat' dir='ltr'><strong>Philippun</strong></span> <span class='ocrx_word' id='word_1_233' title='bbox 1234 3369 1317 3432; x_wconf 73' lang='lat' dir='ltr'><strong>Sigon.</strong></span> 
     </span>
     <span class='ocr_line' id='line_1_29' title="bbox 256 3443 1317 3509; baseline -0.001 -16"><span class='ocrx_word' id='word_1_234' title='bbox 256 3447 370 3493; x_wconf 80' lang='lat' dir='ltr'><strong>videntur</strong></span> <span class='ocrx_word' id='word_1_235' title='bbox 379 3444 441 3492; x_wconf 79' lang='lat' dir='ltr'><strong>elus.</strong></span> <span class='ocrx_word' id='word_1_236' title='bbox 451 3454 475 3490; x_wconf 88' lang='lat' dir='ltr'><strong>et</strong></span> <span class='ocrx_word' id='word_1_237' title='bbox 483 3443 590 3507; x_wconf 80' lang='lat' dir='ltr'><strong>Appian.</strong></span> <span class='ocrx_word' id='word_1_238' title='bbox 598 3444 626 3491; x_wconf 86' lang='lat' dir='ltr'><strong>lt.</strong></span> <span class='ocrx_word' id='word_1_239' title='bbox 635 3444 662 3491; x_wconf 93' lang='lat' dir='ltr'><strong>ll.</strong></span> <span class='ocrx_word' id='word_1_240' title='bbox 673 3444 767 3491; x_wconf 79' lang='lat' dir='ltr'><strong>—Sat-</strong></span> <span class='ocrx_word' id='word_1_241' title='bbox 813 3447 849 3492; x_wconf 83' lang='lat' dir='ltr'><strong>lta</strong></span> <span class='ocrx_word' id='word_1_242' title='bbox 861 3456 885 3492; x_wconf 85' lang='lat' dir='ltr'><strong>et</strong></span> <span class='ocrx_word' id='word_1_243' title='bbox 894 3461 947 3509; x_wconf 83' lang='lat' dir='ltr'><strong>cap.</strong></span> <span class='ocrx_word' id='word_1_244' title='bbox 958 3447 1000 3507; x_wconf 85' lang='lat'><strong>39,</strong></span> <span class='ocrx_word' id='word_1_245' title='bbox 1010 3463 1036 3494; x_wconf 91' lang='lat' dir='ltr'><strong>n.</strong></span> <span class='ocrx_word' id='word_1_246' title='bbox 1050 3447 1064 3490; x_wconf 79' lang='lat'>3</span> <span class='ocrx_word' id='word_1_247' title='bbox 1073 3481 1080 3504; x_wconf 91' lang='lat'>‚</span> <span class='ocrx_word' id='word_1_248' title='bbox 1091 3445 1232 3508; x_wconf 71' lang='lat' dir='ltr'><strong>legendum</strong></span> <span class='ocrx_word' id='word_1_249' title='bbox 1243 3445 1317 3494; x_wconf 74' lang='lat' dir='ltr'><strong>Dral·</strong></span> 
     </span>
     <span class='ocr_line' id='line_1_30' title="bbox 256 3519 1320 3583; baseline 0 -11"><span class='ocrx_word' id='word_1_250' title='bbox 256 3541 307 3577; x_wconf 75' lang='lat' dir='ltr'><strong>enm</strong></span> <span class='ocrx_word' id='word_1_251' title='bbox 313 3523 460 3577; x_wconf 82' lang='lat' dir='ltr'><strong>adPetram,</strong></span> <span class='ocrx_word' id='word_1_252' title='bbox 470 3519 766 3583; x_wconf 79' lang='lat' dir='ltr'><strong>locusvocaturPytlu&#39;um,</strong></span> <span class='ocrx_word' id='word_1_253' title='bbox 813 3549 846 3560; x_wconf 89' lang='lat'><strong>--</strong></span> <span class='ocrx_word' id='word_1_254' title='bbox 861 3523 974 3571; x_wconf 84' lang='lat' dir='ltr'><strong>Aliarum</strong></span> <span class='ocrx_word' id='word_1_255' title='bbox 988 3525 1148 3572; x_wconf 83' lang='lat' dir='ltr'><strong>secundarum</strong></span> <span class='ocrx_word' id='word_1_256' title='bbox 1160 3541 1240 3572; x_wconf 82' lang='lat' dir='ltr'><strong>rerum</strong></span> <span class='ocrx_word' id='word_1_257' title='bbox 1252 3526 1320 3572; x_wconf 82' lang='lat' dir='ltr'><strong>velut</strong></span> 
     </span>
     <span class='ocr_line' id='line_1_31' title="bbox 258 3599 1318 3671; baseline 0 -21"><span class='ocrx_word' id='word_1_258' title='bbox 258 3618 330 3666; x_wconf 77' lang='lat' dir='ltr'><strong>supra</strong></span> <span class='ocrx_word' id='word_1_259' title='bbox 341 3600 386 3649; x_wconf 89' lang='lat' dir='ltr'><strong>lib.</strong></span> <span class='ocrx_word' id='word_1_260' title='bbox 395 3601 486 3656; x_wconf 76' lang='lat' dir='ltr'><strong>mv,</strong></span> <span class='ocrx_word' id='word_1_261' title='bbox 498 3615 552 3662; x_wconf 80' lang='lat' dir='ltr'><strong>cap.</strong></span> <span class='ocrx_word' id='word_1_262' title='bbox 567 3599 608 3648; x_wconf 78' lang='lat'><strong>35.</strong></span> <span class='ocrx_word' id='word_1_263' title='bbox 622 3599 766 3647; x_wconf 83' lang='lat' dir='ltr'><strong>Plutarchus</strong></span> <span class='ocrx_word' id='word_1_264' title='bbox 808 3613 953 3665; x_wconf 82' lang='lat' dir='ltr'><strong>proventus,</strong></span> <span class='ocrx_word' id='word_1_265' title='bbox 965 3602 1042 3671; x_wconf 76' lang='grc' dir='ltr'>φορὰ,</span> <span class='ocrx_word' id='word_1_266' title='bbox 1054 3603 1119 3666; x_wconf 76' lang='lat' dir='ltr'><strong>larga</strong></span> <span class='ocrx_word' id='word_1_267' title='bbox 1130 3604 1227 3660; x_wconf 87' lang='lat' dir='ltr'><strong>messis,</strong></span> <span class='ocrx_word' id='word_1_268' title='bbox 1236 3604 1318 3651; x_wconf 72' lang='lat' dir='ltr'><strong>letum</strong></span> 
     </span>
     <span class='ocr_line' id='line_1_32' title="bbox 256 3677 1319 3744; baseline -0.001 -15"><span class='ocrx_word' id='word_1_269' title='bbox 256 3684 282 3729; x_wconf 90' lang='lat' dir='ltr'><strong>in</strong></span> <span class='ocrx_word' id='word_1_270' title='bbox 300 3678 412 3736; x_wconf 79' lang='lat' dir='ltr'><strong>AEmilio,</strong></span> <span class='ocrx_word' id='word_1_271' title='bbox 431 3677 475 3726; x_wconf 81' lang='lat' dir='ltr'><strong>ubi</strong></span> <span class='ocrx_word' id='word_1_272' title='bbox 487 3677 574 3725; x_wconf 77' lang='lat' dir='ltr'><strong>salutm</strong></span> <span class='ocrx_word' id='word_1_273' title='bbox 589 3678 653 3725; x_wconf 84' lang='lat' dir='ltr'><strong>hunc</strong></span> <span class='ocrx_word' id='word_1_274' title='bbox 669 3695 766 3742; x_wconf 84' lang='lat' dir='ltr'><strong>supera-</strong></span> <span class='ocrx_word' id='word_1_275' title='bbox 809 3681 996 3737; x_wconf 77' lang='lat' dir='ltr'><strong>incrementum,</strong></span> <span class='ocrx_word' id='word_1_276' title='bbox 1015 3681 1085 3744; x_wconf 86' lang='lat' dir='ltr'><strong>copia</strong></span> <span class='ocrx_word' id='word_1_277' title='bbox 1102 3681 1167 3744; x_wconf 73' lang='lat' dir='ltr'><strong>larga</strong></span> <span class='ocrx_word' id='word_1_278' title='bbox 1184 3691 1319 3743; x_wconf 72' lang='lat' dir='ltr'><strong>tenorqu03</strong></span> 
     </span>
     <span class='ocr_line' id='line_1_33' title="bbox 256 3759 1319 3822; baseline -0.003 -15"><span class='ocrx_word' id='word_1_279' title='bbox 256 3771 307 3807; x_wconf 87' lang='lat' dir='ltr'><strong>tum</strong></span> <span class='ocrx_word' id='word_1_280' title='bbox 317 3767 398 3806; x_wconf 74' lang='lat' dir='ltr'><strong>nouat</strong></span> <span class='ocrx_word' id='word_1_281' title='bbox 406 3805 409 3812; x_wconf 68' lang='grc'><strong>,</strong></span> <span class='ocrx_word' id='word_1_282' title='bbox 418 3767 549 3818; x_wconf 83' lang='lat' dir='ltr'><strong>utrumque</strong></span> <span class='ocrx_word' id='word_1_283' title='bbox 562 3771 652 3804; x_wconf 81' lang='lat' dir='ltr'><strong>nomen</strong></span> <span class='ocrx_word' id='word_1_284' title='bbox 666 3759 768 3818; x_wconf 77' lang='lat' dir='ltr'><strong>conjura·</strong></span> <span class='ocrx_word' id='word_1_285' title='bbox 810 3759 895 3807; x_wconf 83' lang='lat' dir='ltr'><strong>Bauer.</strong></span> <span class='ocrx_word' id='word_1_286' title='bbox 908 3759 979 3808; x_wconf 85' lang='lat' dir='ltr'><strong>Cous.</strong></span> <span class='ocrx_word' id='word_1_287' title='bbox 990 3760 1062 3806; x_wconf 82' lang='lat' dir='ltr'><strong>Oros.</strong></span> <span class='ocrx_word' id='word_1_288' title='bbox 1072 3760 1117 3812; x_wconf 80' lang='lat' dir='ltr'><strong>IV.</strong></span> <span class='ocrx_word' id='word_1_289' title='bbox 1133 3774 1174 3806; x_wconf 80' lang='lat'><strong>20.</strong></span> <span class='ocrx_word' id='word_1_290' title='bbox 1185 3787 1218 3794; x_wconf 92' lang='lat'><em>-</em></span> <span class='ocrx_word' id='word_1_291' title='bbox 1227 3761 1319 3822; x_wconf 83' lang='lat' dir='ltr'><strong>Sequu-</strong></span> 
     </span>
     <span class='ocr_line' id='line_1_34' title="bbox 257 3825 1135 3902; baseline 0.001 -16"><span class='ocrx_word' id='word_1_292' title='bbox 257 3839 292 3901; x_wconf 75' lang='lat' dir='ltr'><strong>git</strong></span> <span class='ocrx_word' id='word_1_293' title='bbox 302 3839 343 3892; x_wconf 77' lang='grc' dir='ltr'><strong>τὴν</strong></span> <span class='ocrx_word' id='word_1_294' title='bbox 357 3825 491 3901; x_wconf 64' lang='lat' dir='ltr'><strong>(stettin)</strong></span> <span class='ocrx_word' id='word_1_295' title='bbox 503 3831 573 3902; x_wconf 72' lang='grc' dir='ltr'><strong>παρὰ</strong></span> <span class='ocrx_word' id='word_1_296' title='bbox 585 3835 612 3885; x_wconf 73' lang='grc' dir='ltr'><strong>τὸ</strong></span> <span class='ocrx_word' id='word_1_297' title='bbox 625 3835 710 3888; x_wconf 77' lang='grc' dir='ltr'><strong>Πύθιον</strong></span> <span class='ocrx_word' id='word_1_298' title='bbox 723 3836 766 3889; x_wconf 80' lang='grc' dir='ltr'><strong>καὶ</strong></span> <span class='ocrx_word' id='word_1_299' title='bbox 811 3849 861 3894; x_wconf 82' lang='lat' dir='ltr'><strong>tus,</strong></span> <span class='ocrx_word' id='word_1_300' title='bbox 873 3854 907 3884; x_wconf 80' lang='lat' dir='ltr'><strong>se.</strong></span> <span class='ocrx_word' id='word_1_301' title='bbox 919 3849 963 3885; x_wconf 81' lang='lat' dir='ltr'><strong>est.</strong></span> <span class='ocrx_word' id='word_1_302' title='bbox 975 3838 1047 3887; x_wconf 81' lang='lat' dir='ltr'><strong>Cous.</strong></span> <span class='ocrx_word' id='word_1_303' title='bbox 1061 3836 1135 3885; x_wconf 80' lang='lat' dir='ltr'><strong>Drak.</strong></span> 
     </span>
     <span class='ocr_line' id='line_1_35' title="bbox 257 3907 1320 3982; baseline -0.002 -17"><span class='ocrx_word' id='word_1_304' title='bbox 257 3916 300 3970; x_wconf 74' lang='grc' dir='ltr'><strong>τὴν</strong></span> <span class='ocrx_word' id='word_1_305' title='bbox 312 3915 425 3982; x_wconf 75' lang='lat' dir='ltr'><strong>l&#39;ls&#39;rtpttt·</strong></span> <span class='ocrx_word' id='word_1_306' title='bbox 440 3907 492 3963; x_wconf 79' lang='grc' dir='ltr'><strong>ΕΙ).</strong></span> <span class='ocrx_word' id='word_1_307' title='bbox 847 3923 871 3968; x_wconf 74' lang='lat' dir='ltr'><strong>t.</strong></span> <span class='ocrx_word' id='word_1_308' title='bbox 885 3916 962 3977; x_wconf 82' lang='lat' dir='ltr'><strong>Quum</strong></span> <span class='ocrx_word' id='word_1_309' title='bbox 984 3933 1016 3962; x_wconf 73' lang='lat' dir='ltr'><strong>erc</strong></span> <span class='ocrx_word' id='word_1_310' title='bbox 1033 3931 1125 3970; x_wconf 68' lang='lat' dir='ltr'><strong>summo</strong></span> <span class='ocrx_word' id='word_1_311' title='bbox 1143 3915 1239 3978; x_wconf 75' lang='lat' dir='ltr'><strong>fastigio</strong></span> <span class='ocrx_word' id='word_1_312' title='bbox 1257 3927 1320 3963; x_wconf 82' lang='lat' dir='ltr'><strong>retro</strong></span> 
     </span>
     <span class='ocr_line' id='line_1_36' title="bbox 294 3990 1321 4056; baseline 0 -18"><span class='ocrx_word' id='word_1_313' title='bbox 294 3993 375 4038; x_wconf 58' lang='lat' dir='ltr'><strong>&amp;Per</strong></span> <span class='ocrx_word' id='word_1_314' title='bbox 388 3990 575 4054; x_wconf 75' lang='lat' dir='ltr'><strong>quadriennium</strong></span> <span class='ocrx_word' id='word_1_315' title='bbox 589 4003 765 4054; x_wconf 74' lang='lat' dir='ltr'><strong>quatuorante</strong></span> <span class='ocrx_word' id='word_1_316' title='bbox 792 3992 877 4040; x_wconf 63' lang='lat' dir='ltr'><strong>nolui</strong></span> <span class='ocrx_word' id='word_1_317' title='bbox 894 3993 1001 4056; x_wconf 73' lang='lat' dir='ltr'><strong>sbi-tuna</strong></span> <span class='ocrx_word' id='word_1_318' title='bbox 1023 4003 1172 4047; x_wconf 75' lang='lat' dir='ltr'><strong>coiisnesset,</strong></span> <span class='ocrx_word' id='word_1_319' title='bbox 1194 4003 1240 4040; x_wconf 86' lang='lat' dir='ltr'><strong>etc.</strong></span> <span class='ocrx_word' id='word_1_320' title='bbox 1270 3993 1321 4040; x_wconf 82' lang='lat' dir='ltr'><strong>vid.</strong></span> 
     </span>
     <span class='ocr_line' id='line_1_37' title="bbox 256 4067 1321 4132; baseline 0.004 -18"><span class='ocrx_word' id='word_1_321' title='bbox 256 4087 294 4118; x_wconf 78' lang='lat' dir='ltr'><strong>me</strong></span> <span class='ocrx_word' id='word_1_322' title='bbox 311 4069 435 4124; x_wconf 74' lang='lat' dir='ltr'><strong>eonsules,</strong></span> <span class='ocrx_word' id='word_1_323' title='bbox 452 4069 504 4130; x_wconf 72' lang='lat' dir='ltr'><strong>lege</strong></span> <span class='ocrx_word' id='word_1_324' title='bbox 520 4083 568 4130; x_wconf 76' lang='lat' dir='ltr'><strong>por</strong></span> <span class='ocrx_word' id='word_1_325' title='bbox 578 4067 705 4116; x_wconf 75' lang='lat' dir='ltr'><strong>triennium</strong></span> <span class='ocrx_word' id='word_1_326' title='bbox 718 4082 765 4116; x_wconf 82' lang='lat' dir='ltr'><strong>tres</strong></span> <span class='ocrx_word' id='word_1_327' title='bbox 809 4071 944 4120; x_wconf 83' lang='lat' dir='ltr'><strong>Mitscherl.</strong></span> <span class='ocrx_word' id='word_1_328' title='bbox 954 4073 984 4119; x_wconf 82' lang='lat' dir='ltr'><strong>ad</strong></span> <span class='ocrx_word' id='word_1_329' title='bbox 995 4074 1055 4119; x_wconf 83' lang='lat' dir='ltr'><strong>Hor.</strong></span> <span class='ocrx_word' id='word_1_330' title='bbox 1065 4071 1113 4118; x_wconf 88' lang='lat' dir='ltr'><strong>Od.</strong></span> <span class='ocrx_word' id='word_1_331' title='bbox 1123 4073 1171 4129; x_wconf 85' lang='lat'><strong>111,</strong></span> <span class='ocrx_word' id='word_1_332' title='bbox 1185 4086 1225 4132; x_wconf 86' lang='lat'><strong>10,</strong></span> <span class='ocrx_word' id='word_1_333' title='bbox 1236 4079 1321 4130; x_wconf 69' lang='lat' dir='ltr'><strong>mro,</strong></span> 
     </span>
    </p>
   </div>
   <div class='ocr_carea' id='block_1_4' title="bbox 0 0 1504 4712">
    <p class='ocr_par' dir='ltr' id='par_1_5' title="bbox 0 0 1504 4712">
     <span class='ocr_line' id='line_1_38' title="bbox 0 0 1504 4712; baseline 0 0"><span class='ocrx_word' id='word_1_334' title='bbox 0 0 1504 4712; x_wconf 95' lang='lat' dir='ltr'><strong> </strong></span> 
     </span>
    </p>
   </div>
  </div>
 </body>
</html>
