2970 4712
210 380 337 482 attia:
393 405 485 472 um.
513 397 623 472 xnv‘.
651 400 757 474 exp.
786 405 909 474 xxn.
937 407 1083 474 xxm.
1180 403 1251 500 309

183 552 199 585 «ι
215 537 251 593 et
269 525 434 612 Dinone,
457 524 595 596 civibus
613 521 781 610 nostrisss,
799 540 835 596 et
855 526 917 612 iis,
937 550 1049 622 quos,
1072 542 1113 598 ut
1133 526 1251 599 trade-

183 663 199 696 «
213 657 334 705 remus
363 635 489 722 vobis,
517 628 743 706 adduximus.
774 636 809 706 Si
840 659 966 706 omnes
991 634 1122 707 Rhodii
1149 661 1250 732 aeque

182 745 312 814 «noxii
334 769 513 830 essemus,
535 746 636 843 quod
657 759 823 816 nostrum
842 747 882 814 in
900 744 971 816 hoc
993 744 1090 816 bello
1113 747 1252 818 crimen

183 856 333 926 resset?
351 858 471 928 Persei
490 855 653 954 partibus
674 853 842 941 favimus,
864 869 920 942 et,
942 856 1253 952 quemadmodum
1341 895 1346 908 κ

183 995 199 1028 ει
216 966 380 1037 Antiochi
393 965 623 1065 Philippique
637 965 736 1038 bello
750 989 819 1064 pro
831 965 1117 1038 vobisadvorsus
1130 993 1251 1064 reges,

183 1075 265 1145 «sic
284 1097 383 1148 nunc
400 1100 469 1174 pro
489 1101 573 1173 rege
597 1075 769 1148 adversus
790 1101 855 1148 vos
877 1074 1050 1150 stetimus.
1073 1077 1253 1168 Quemad-

182 1215 199 1250 α
213 1184 365 1256 modum
393 1186 571 1258 soleamus
595 1190 711 1258 socios
734 1190 882 1282 juvare,
908 1203 944 1260 et
968 1213 1077 1284 quam
1098 1183 1253 1287 ¹impigre
1298 1261 1302 1266 ,

183 1317 400 1392 «capessere
429 1294 543 1382 bella,
569 1303 606 1368 C.
633 1297 796 1385 Livium,
817 1302 856 1367 L.
877 1299 1059 1376 AEmilium
1075 1299 1253 1397 Regillum

182 1405 455 1502 «interrogate,
486 1408 551 1502 qui
579 1405 750 1479 classibus
776 1409 904 1480 vestris
926 1410 965 1479 in
988 1409 1073 1481 Asia
1096 1407 1253 1508 praefue-

180 1545 197 1580 ι(
212 1530 309 1586 runt.
332 1519 530 1613 Nunquam
549 1531 674 1588 vestrae
690 1542 799 1589 naves
817 1541 1025 1616 pugnavere
1041 1521 1117 1591 sine
1132 1519 1265 1591 nobis:

181 1628 343 1696 «Nostra
358 1625 468 1697 classe
484 1628 722 1724 pugnavimus
739 1629 851 1700 semel
869 1627 916 1712 ad
930 1634 1097 1714 Samum,
1119 1631 1253 1702 iterum

180 1737 251 1806 aiu
281 1734 490 1834 Pamphylia
520 1736 689 1810 adversus
714 1737 953 1810 Hannibalem
983 1741 1249 1837 imperatorem

181 1850 302 1938 «Quae
322 1848 470 1942 victoria
486 1846 594 1918 uobis
616 1873 660 1919 eo
682 1847 874 1946 gloriosior
891 1865 964 1936 est,
989 1849 1110 1946 quod,
1135 1874 1253 1946 quum

180 1987 198 2023 a
213 1958 258 2028 ad
276 1961 422 2040 Samum
437 1981 605 2054 maguam
627 1971 766 2056 partem
788 1959 935 2029 navium
958 1957 1107 2030 adversa
1128 1983 1254 2056 pugna

180 2082 249 2138 «et
265 2071 444 2166 egregiam
462 2068 689 2162 juventutem
710 2069 969 2156 amisissemus,
991 2093 1038 2139 ne
1052 2083 1153 2142 tanta
1169 2070 1251 2166 qui-

180 2207 197 2241 «
211 2175 294 2247 dem
313 2176 414 2248 clade
434 2179 566 2264 territi,
586 2180 717 2249 iterum
733 2179 811 2249 ausi
825 2203 951 2250 sumus
970 2181 1075 2276 regiae
1090 2180 1192 2252 classi
1206 2203 1250 2250 cx

180 2317 197 2352 a
213 2289 312 2384 Syria
326 2289 487 2360 venienti
506 2287 651 2360 obviam
671 2291 734 2360 ire.
753 2293 836 2361 Haec
856 2315 931 2361 non
947 2290 1125 2388 gloriandi
1145 2315 1252 2362 causa

179 2385 318 2470 «retuli
341 2399 489 2495 (neque
519 2401 629 2471 enim'
648 2421 690 2470 ea
711 2423 810 2471 nuuc
831 2400 954 2473 nostra
983 2415 1036 2472 est
1056 2399 1248 2494 fortuna),

179 2537 196 2572 a
209 2507 271 2580 sed
285 2523 328 2579 ut
345 2508 597 2597 admonerem,
617 2508 928 2607 quemadmodum
946 2509 1115 2606 adjuvare
1133 2513 1250 2587 socios

182 2618 374 2690 «solerent
391 2617 534 2690 Rhodii.
552 2615 555 2635 '

144 2779 147 2784 ,
229 2733 360 2800 XXIII.
389 2759 406 2794 «
420 2729 591 2817 Praemia,
617 2729 784 2830 Philippo
811 2747 846 2802 et
873 2733 1053 2804 Antiocho
1079 2732 1249 2818 devictis,

181 2839 429 2936 «amplissima
449 2841 654 2938 accepimus
672 2866 691 2911 a
707 2841 821 2912 vobis.
842 2843 897 2927 Si,
915 2866 995 2938 quae
1014 2856 1129 2912 vestra
1151 2865 1251 2912 nunc

181 2979 199 3013 a
213 2961 267 3018 est
291 2945 439 3019 fortuna
463 2948 571 3020 deum
595 2948 818 3047 benignitate
843 2965 879 3021 et
903 2953 1035 3023 virtute
1056 2965 1191 3036 vestra,
1210 2975 1252 3022 ea

181 3059 333 3130 «Persei
353 3057 499 3145 fuisset,
525 3073 560 3130 et
583 3061 727 3156 praemia
752 3061 906 3157 petitum
932 3058 978 3130 ad
997 3060 1171 3132 victorem
1192 3085 1251 3131 re·

181 3202 198 3236 a
212 3193 293 3271 gem
310 3174 532 3244 venissemus
550 3173 588 3242 in
605 3170 875 3258 Macedoniam,
897 3171 987 3267 quid
1000 3169 1147 3242 tandem
1162 3170 1253 3241 dice·

182 3309 199 3348 t<
212 3285 355 3356 remus?
377 3284 579 3355 Pecuniane
600 3307 620 3353 a
641 3280 748 3364 nobis
766 3280 951 3376 adjutum,
972 3306 1018 3353 an
1041 3280 1253 3353 frumento?

181 3396 351 3468 «auxiliis
368 3393 620 3483 terrestribus,
632 3401 686 3464 'an
705 3392 918 3466 navalibus?
929 3394 1031 3491 quod
1045 3393 1249 3492 praesidium

181 3508 370 3578 «tenuisse
389 3508 481 3577 nos?
499 3503 563 3576 ubi
581 3529 760 3603 pugnasse
787 3519 848 3577 aut
873 3502 942 3575 sub
958 3503 1055 3575 illius
1077 3501 1251 3594 ducibus,

181 3631 273 3687 «aut
297 3641 362 3714 per
388 3617 600 3713 nosipsos?
624 3617 659 3686 Si
678 3629 878 3712 quaereret,
899 3613 964 3686 ubi
987 3613 1090 3686 miles
1110 3629 1252 3702 noster,

217 3835 242 3881 6.
255 3835 278 3880 Α
291 3833 425 3894 Polyarato
443 3842 468 3878 ec
484 3830 592 3887 Dinone,
606 3829 693 3879 ciribm
737 3848 798 3897 pore
815 3837 939 3880 mortuum
954 3831 1043 3887 fuisse,
1065 3845 1097 3877 ex
1108 3829 1207 3888 xun,
1220 3845 1249 3878 τι

182 3909 283 3968 nostris,
294 3911 372 3974 quiet
381 3911 429 3975 ipsi
441 3909 517 3974 paulo
526 3911 697 3974 postRomam
739 3910 869 3973 colligebat
889 3911 942 3959 Jacs
958 3909 1036 3958 Pesla.
1059 3907 1108 3955 Sed
1127 3906 1176 3954 hoe
1195 3908 1252 3956 loco

182 3991 288 4040 traducti
299 4000 373 4050 sunt;
386 3989 439 4038 vid.
453 3987 542 4051 Polyb.
555 3990 648 4044 XXX,
665 3991 694 4046 8,
737 3990 815 4036 alium
835 4005 883 4037 nou
903 3990 1023 4036 immerito
1040 3986 1178 4051 crediderIs
1190 3988 1252 4035 desi-

183 4089 208 4137 9.
228 4069 350 4120 Caeterum
369 4067 429 4115 dant
446 4067 527 4114 Dione
544 4075 603 4115 vett.
621 4066 693 4125 edd·.;
739 4069 806 4132 gnari
820 4068 927 4126 Livium,
939 4069 982 4130 qui
994 4067 1095 4130 quidem
1107 4068 1133 4112 in
1146 4075 1251 4128 praetura

183 4151 226 4198 sed
239 4150 308 4199 male.
321 4175 355 4188 -
370 4149 395 4196 C.
408 4146 500 4196 Livium
509 4146 560 4207 jam
572 4145 620 4194 boc
635 4157 694 4200 tem-
739 4147 809 4194 classi
820 4148 924 4211 prefuit.
939 4148 1010 4200 Conl.
1021 4145 1097 4193 Drak.
1107 4155 1131 4192 et
1141 4144 1197 4193 Iud.
