<?xml version="1.0" encoding="UTF-8"?>
<!DOCTYPE html PUBLIC "-//W3C//DTD XHTML 1.0 Transitional//EN"
    "http://www.w3.org/TR/xhtml1/DTD/xhtml1-transitional.dtd">
<html xmlns="http://www.w3.org/1999/xhtml" xml:lang="en" lang="en">
 <head>
  <title>
</title>
<meta http-equiv="Content-Type" content="text/html;charset=utf-8" />
  <meta name='ocr-system' content='tesseract 3.04.00' />
  <meta name='ocr-capabilities' content='ocr_page ocr_carea ocr_par ocr_line ocrx_word'/>
</head>
<body>
  <div class='ocr_page' id='page_1' title='image "./titusliviuspata02freigoog_0093.png"; bbox 0 0 2972 4720; ppageno 0'>
   <div class='ocr_carea' id='block_1_1' title="bbox 171 377 1340 3372">
    <p class='ocr_par' dir='ltr' id='par_1_1' title="bbox 171 377 1340 3372">
     <span class='ocr_line' id='line_1_1' title="bbox 259 377 1314 500; baseline -0.002 -30"><span class='ocrx_word' id='word_1_1' title='bbox 259 399 317 487; x_wconf 72' lang='lat' dir='ltr'><strong>‚aa</strong></span> <span class='ocrx_word' id='word_1_2' title='bbox 696 401 735 466; x_wconf 80' lang='lat' dir='ltr'><strong>r.</strong></span> <span class='ocrx_word' id='word_1_3' title='bbox 754 377 910 468; x_wconf 76' lang='lat' dir='ltr'><strong>‘ttvu</strong></span> <span class='ocrx_word' id='word_1_4' title='bbox 1071 491 1074 500; x_wconf 16' lang='grc' dir='ltr'>Ι</span> <span class='ocrx_word' id='word_1_5' title='bbox 1189 379 1252 482; x_wconf 57' lang='lat' dir='ltr'><strong>tt&amp;</strong></span> <span class='ocrx_word' id='word_1_6' title='bbox 1266 395 1314 485; x_wconf 69' lang='lat'><strong>3311</strong></span> 
     </span>
     <span class='ocr_line' id='line_1_2' title="bbox 319 519 1340 607; baseline -0.002 -12"><span class='ocrx_word' id='word_1_7' title='bbox 319 524 441 595; x_wconf 85' lang='lat' dir='ltr'><strong>XLIX.</strong></span> <span class='ocrx_word' id='word_1_8' title='bbox 461 525 527 592; x_wconf 84' lang='lat' dir='ltr'><strong>Per</strong></span> <span class='ocrx_word' id='word_1_9' title='bbox 549 519 617 590; x_wconf 88' lang='lat' dir='ltr'><strong>hos</strong></span> <span class='ocrx_word' id='word_1_10' title='bbox 636 519 729 591; x_wconf 84' lang='lat' dir='ltr'><strong>forte</strong></span> <span class='ocrx_word' id='word_1_11' title='bbox 747 519 822 592; x_wconf 90' lang='lat' dir='ltr'><strong>dies</strong></span> <span class='ocrx_word' id='word_1_12' title='bbox 844 520 880 589; x_wconf 91' lang='lat' dir='ltr'><strong>P.</strong></span> <span class='ocrx_word' id='word_1_13' title='bbox 902 520 1060 594; x_wconf 91' lang='lat' dir='ltr'><strong>Licinius</strong></span> <span class='ocrx_word' id='word_1_14' title='bbox 1077 523 1204 592; x_wconf 90' lang='lat' dir='ltr'><strong>consul</strong></span> <span class='ocrx_word' id='word_1_15' title='bbox 1216 526 1340 607; x_wconf 51' lang='lat' dir='ltr'><strong>„votis</strong></span> 
     </span>
     <span class='ocr_line' id='line_1_3' title="bbox 271 625 1339 732; baseline -0.002 -26"><span class='ocrx_word' id='word_1_16' title='bbox 271 637 307 706; x_wconf 93' lang='lat' dir='ltr'><strong>in</strong></span> <span class='ocrx_word' id='word_1_17' title='bbox 324 633 501 732; x_wconf 91' lang='lat' dir='ltr'><strong>Capitolio</strong></span> <span class='ocrx_word' id='word_1_18' title='bbox 518 625 754 728; x_wconf 89' lang='lat' dir='ltr'><strong>nuncupatis,</strong></span> <span class='ocrx_word' id='word_1_19' title='bbox 776 629 966 728; x_wconf 87' lang='lat' dir='ltr'><strong>paludatus</strong></span> <span class='ocrx_word' id='word_1_20' title='bbox 981 628 1026 701; x_wconf 90' lang='lat' dir='ltr'><strong>ab</strong></span> <span class='ocrx_word' id='word_1_21' title='bbox 1041 629 1140 701; x_wconf 90' lang='lat' dir='ltr'><strong>Urbe</strong></span> <span class='ocrx_word' id='word_1_22' title='bbox 1154 631 1339 728; x_wconf 84' lang='lat' dir='ltr'><strong>profectus</strong></span> 
     </span>
     <span class='ocr_line' id='line_1_4' title="bbox 271 738 1339 840; baseline 0 -24"><span class='ocrx_word' id='word_1_23' title='bbox 271 757 359 816; x_wconf 89' lang='lat' dir='ltr'><strong>est¹.</strong></span> <span class='ocrx_word' id='word_1_24' title='bbox 383 747 533 840; x_wconf 84' lang='lat' dir='ltr'>Semper</span> <span class='ocrx_word' id='word_1_25' title='bbox 553 738 701 837; x_wconf 91' lang='lat' dir='ltr'><strong>quidem</strong></span> <span class='ocrx_word' id='word_1_26' title='bbox 722 763 764 810; x_wconf 88' lang='lat' dir='ltr'><strong>ea</strong></span> <span class='ocrx_word' id='word_1_27' title='bbox 782 765 841 811; x_wconf 88' lang='lat' dir='ltr'><strong>res</strong></span> <span class='ocrx_word' id='word_1_28' title='bbox 861 765 943 811; x_wconf 89' lang='lat' dir='ltr'><strong>cum</strong></span> <span class='ocrx_word' id='word_1_29' title='bbox 962 763 1090 838; x_wconf 90' lang='lat' dir='ltr'><strong>magna</strong></span> <span class='ocrx_word' id='word_1_30' title='bbox 1110 739 1283 839; x_wconf 84' lang='lat' dir='ltr'><strong>dignitate</strong></span> <span class='ocrx_word' id='word_1_31' title='bbox 1298 769 1339 816; x_wconf 91' lang='lat' dir='ltr'><strong>ac</strong></span> 
     </span>
     <span class='ocr_line' id='line_1_5' title="bbox 268 851 1337 950; baseline 0.001 -25"><span class='ocrx_word' id='word_1_32' title='bbox 268 851 452 950; x_wconf 85' lang='lat' dir='ltr'><strong>majestate</strong></span> <span class='ocrx_word' id='word_1_33' title='bbox 479 852 631 950; x_wconf 83' lang='lat' dir='ltr'><strong>geritur3</strong></span> <span class='ocrx_word' id='word_1_34' title='bbox 655 852 836 948; x_wconf 85' lang='lat' dir='ltr'><strong>praecipue</strong></span> <span class='ocrx_word' id='word_1_35' title='bbox 861 865 982 922; x_wconf 87' lang='lat' dir='ltr'><strong>tamen</strong></span> <span class='ocrx_word' id='word_1_36' title='bbox 1008 855 1185 923; x_wconf 86' lang='lat' dir='ltr'><strong>convertit</strong></span> <span class='ocrx_word' id='word_1_37' title='bbox 1210 853 1337 926; x_wconf 89' lang='lat' dir='ltr'><strong>oculos</strong></span> 
     </span>
     <span class='ocr_line' id='line_1_6' title="bbox 269 959 1337 1060; baseline -0.001 -25"><span class='ocrx_word' id='word_1_38' title='bbox 269 967 481 1060; x_wconf 89' lang='lat' dir='ltr'><strong>animosque</strong></span> <span class='ocrx_word' id='word_1_39' title='bbox 489 973 516 1049; x_wconf 75' lang='lat'><strong>²,</strong></span> <span class='ocrx_word' id='word_1_40' title='bbox 542 984 657 1058; x_wconf 83' lang='lat' dir='ltr'><strong>quum</strong></span> <span class='ocrx_word' id='word_1_41' title='bbox 677 959 721 1036; x_wconf 87' lang='lat' dir='ltr'><strong>ad</strong></span> <span class='ocrx_word' id='word_1_42' title='bbox 738 981 911 1057; x_wconf 90' lang='lat' dir='ltr'><strong>magnum</strong></span> <span class='ocrx_word' id='word_1_43' title='bbox 929 959 1164 1058; x_wconf 85' lang='lat' dir='ltr'><strong>nobilemque</strong></span> <span class='ocrx_word' id='word_1_44' title='bbox 1187 979 1249 1034; x_wconf 88' lang='lat' dir='ltr'><strong>aut</strong></span> <span class='ocrx_word' id='word_1_45' title='bbox 1270 967 1337 1034; x_wconf 86' lang='lat' dir='ltr'><strong>vir-</strong></span> 
     </span>
     <span class='ocr_line' id='line_1_7' title="bbox 267 1069 1335 1170; baseline -0.004 -23"><span class='ocrx_word' id='word_1_46' title='bbox 267 1091 345 1146; x_wconf 86' lang='lat' dir='ltr'><strong>tute</strong></span> <span class='ocrx_word' id='word_1_47' title='bbox 376 1089 438 1145; x_wconf 92' lang='lat' dir='ltr'><strong>aut</strong></span> <span class='ocrx_word' id='word_1_48' title='bbox 463 1069 608 1143; x_wconf 83' lang='lat' dir='ltr'><strong>fortuna</strong></span> <span class='ocrx_word' id='word_1_49' title='bbox 631 1069 795 1155; x_wconf 87' lang='lat' dir='ltr'><strong>hostem,</strong></span> <span class='ocrx_word' id='word_1_50' title='bbox 825 1083 971 1141; x_wconf 89' lang='lat' dir='ltr'><strong>euntem</strong></span> <span class='ocrx_word' id='word_1_51' title='bbox 998 1070 1182 1142; x_wconf 89' lang='lat' dir='ltr'><strong>consulem</strong></span> <span class='ocrx_word' id='word_1_52' title='bbox 1210 1097 1335 1170; x_wconf 91' lang='lat' dir='ltr'><strong>prose-</strong></span> 
     </span>
     <span class='ocr_line' id='line_1_8' title="bbox 266 1175 1335 1283; baseline -0.002 -27"><span class='ocrx_word' id='word_1_53' title='bbox 266 1200 439 1283; x_wconf 86' lang='lat' dir='ltr'><strong>quuntur.</strong></span> <span class='ocrx_word' id='word_1_54' title='bbox 458 1179 649 1256; x_wconf 88' lang='lat' dir='ltr'><strong>Contrahit</strong></span> <span class='ocrx_word' id='word_1_55' title='bbox 664 1175 787 1251; x_wconf 82' lang='lat' dir='ltr'><strong>enim³</strong></span> <span class='ocrx_word' id='word_1_56' title='bbox 806 1205 881 1250; x_wconf 92' lang='lat' dir='ltr'><strong>non</strong></span> <span class='ocrx_word' id='word_1_57' title='bbox 898 1178 1007 1252; x_wconf 90' lang='lat' dir='ltr'><strong>officii</strong></span> <span class='ocrx_word' id='word_1_58' title='bbox 1021 1181 1132 1252; x_wconf 91' lang='lat' dir='ltr'><strong>modo</strong></span> <span class='ocrx_word' id='word_1_59' title='bbox 1147 1207 1232 1252; x_wconf 86' lang='lat' dir='ltr'><strong>cura</strong></span> <span class='ocrx_word' id='word_1_60' title='bbox 1242 1237 1251 1271; x_wconf 95' lang='lat'><strong>,</strong></span> <span class='ocrx_word' id='word_1_61' title='bbox 1261 1183 1335 1255; x_wconf 50' lang='lat' dir='ltr'><strong>,sed</strong></span> 
     </span>
     <span class='ocr_line' id='line_1_9' title="bbox 266 1290 1333 1390; baseline -0.006 -22"><span class='ocrx_word' id='word_1_62' title='bbox 266 1299 373 1368; x_wconf 90' lang='lat' dir='ltr'><strong>etiam</strong></span> <span class='ocrx_word' id='word_1_63' title='bbox 401 1293 560 1366; x_wconf 90' lang='lat' dir='ltr'><strong>studium</strong></span> <span class='ocrx_word' id='word_1_64' title='bbox 586 1290 802 1390; x_wconf 85' lang='lat' dir='ltr'><strong>spectaculi,</strong></span> <span class='ocrx_word' id='word_1_65' title='bbox 828 1305 870 1361; x_wconf 92' lang='lat' dir='ltr'><strong>ut</strong></span> <span class='ocrx_word' id='word_1_66' title='bbox 891 1290 1036 1361; x_wconf 86' lang='lat' dir='ltr'><strong>videant</strong></span> <span class='ocrx_word' id='word_1_67' title='bbox 1062 1290 1190 1362; x_wconf 89' lang='lat' dir='ltr'><strong>ducem</strong></span> <span class='ocrx_word' id='word_1_68' title='bbox 1210 1317 1333 1379; x_wconf 88' lang='lat' dir='ltr'><strong>suum,</strong></span> 
     </span>
     <span class='ocr_line' id='line_1_10' title="bbox 265 1399 1332 1502; baseline -0.005 -25"><span class='ocrx_word' id='word_1_69' title='bbox 265 1407 368 1501; x_wconf 87' lang='lat' dir='ltr'><strong>cujus</strong></span> <span class='ocrx_word' id='word_1_70' title='bbox 406 1403 560 1502; x_wconf 87' lang='lat' dir='ltr'><strong>imperio</strong></span> <span class='ocrx_word' id='word_1_71' title='bbox 598 1399 823 1496; x_wconf 90' lang='lat' dir='ltr'><strong>consilioque</strong></span> <span class='ocrx_word' id='word_1_72' title='bbox 864 1425 1041 1471; x_wconf 89' lang='lat' dir='ltr'><strong>summam</strong></span> <span class='ocrx_word' id='word_1_73' title='bbox 1073 1402 1332 1501; x_wconf 84' lang='lat' dir='ltr'><strong>rempublicam</strong></span> 
     </span>
     <span class='ocr_line' id='line_1_11' title="bbox 264 1504 1332 1613; baseline -0.004 -25"><span class='ocrx_word' id='word_1_74' title='bbox 264 1515 438 1589; x_wconf 88' lang='lat' dir='ltr'><strong>tuendam</strong></span> <span class='ocrx_word' id='word_1_75' title='bbox 468 1514 722 1613; x_wconf 86' lang='lat' dir='ltr'><strong>permiserunt.</strong></span> <span class='ocrx_word' id='word_1_76' title='bbox 762 1504 866 1582; x_wconf 91' lang='lat' dir='ltr'><strong>Subit</strong></span> <span class='ocrx_word' id='word_1_77' title='bbox 900 1509 1032 1583; x_wconf 91' lang='lat' dir='ltr'><strong>deinde</strong></span> <span class='ocrx_word' id='word_1_78' title='bbox 1062 1515 1230 1610; x_wconf 84' lang='lat' dir='ltr'><strong>cogitatio</strong></span> <span class='ocrx_word' id='word_1_79' title='bbox 1256 1515 1332 1584; x_wconf 88' lang='lat' dir='ltr'><strong>ani·</strong></span> 
     </span>
     <span class='ocr_line' id='line_1_12' title="bbox 262 1621 1332 1721; baseline -0.003 -24"><span class='ocrx_word' id='word_1_80' title='bbox 262 1650 385 1713; x_wconf 91' lang='lat' dir='ltr'><strong>mum,</strong></span> <span class='ocrx_word' id='word_1_81' title='bbox 404 1623 469 1721; x_wconf 89' lang='lat' dir='ltr'><strong>qui</strong></span> <span class='ocrx_word' id='word_1_82' title='bbox 491 1621 579 1694; x_wconf 93' lang='lat' dir='ltr'><strong>belli</strong></span> <span class='ocrx_word' id='word_1_83' title='bbox 598 1645 719 1710; x_wconf 85' lang='lat' dir='ltr'><strong>casus,</strong></span> <span class='ocrx_word' id='word_1_84' title='bbox 747 1645 857 1718; x_wconf 91' lang='lat' dir='ltr'><strong>quam</strong></span> <span class='ocrx_word' id='word_1_85' title='bbox 881 1621 1040 1693; x_wconf 87' lang='lat' dir='ltr'><strong>incertus</strong></span> <span class='ocrx_word' id='word_1_86' title='bbox 1057 1621 1211 1694; x_wconf 85' lang='lat' dir='ltr'><strong>fortunae</strong></span> <span class='ocrx_word' id='word_1_87' title='bbox 1228 1635 1332 1695; x_wconf 64' lang='lat' dir='ltr'><strong>evenss</strong></span> 
     </span>
     <span class='ocr_line' id='line_1_13' title="bbox 261 1729 1332 1831; baseline -0.001 -25"><span class='ocrx_word' id='word_1_88' title='bbox 261 1754 340 1826; x_wconf 92' lang='lat' dir='ltr'><strong>tus,</strong></span> <span class='ocrx_word' id='word_1_89' title='bbox 361 1734 637 1831; x_wconf 90' lang='lat' dir='ltr'><strong>communisque</strong></span> <span class='ocrx_word' id='word_1_90' title='bbox 653 1735 748 1802; x_wconf 87' lang='lat' dir='ltr'><strong>Mars</strong></span> <span class='ocrx_word' id='word_1_91' title='bbox 762 1730 872 1803; x_wconf 74' lang='lat' dir='ltr'><strong>bellil</strong></span> <span class='ocrx_word' id='word_1_92' title='bbox 891 1733 954 1819; x_wconf 89' lang='lat' dir='ltr'><strong>sit;</strong></span> <span class='ocrx_word' id='word_1_93' title='bbox 972 1729 1138 1820; x_wconf 87' lang='lat' dir='ltr'><strong>adversa,</strong></span> <span class='ocrx_word' id='word_1_94' title='bbox 1155 1735 1332 1822; x_wconf 88' lang='lat' dir='ltr'><strong>secunda,</strong></span> 
     </span>
     <span class='ocr_line' id='line_1_14' title="bbox 263 1841 1332 1946; baseline -0.003 -27"><span class='ocrx_word' id='word_1_95' title='bbox 263 1870 416 1946; x_wconf 88' lang='lat' dir='ltr'><strong>quaeque</strong></span> <span class='ocrx_word' id='word_1_96' title='bbox 435 1844 576 1915; x_wconf 88' lang='lat' dir='ltr'><strong>inscitia</strong></span> <span class='ocrx_word' id='word_1_97' title='bbox 599 1857 635 1912; x_wconf 90' lang='lat' dir='ltr'><strong>et</strong></span> <span class='ocrx_word' id='word_1_98' title='bbox 658 1843 859 1914; x_wconf 85' lang='lat' dir='ltr'><strong>temeritate</strong></span> <span class='ocrx_word' id='word_1_99' title='bbox 876 1841 1011 1913; x_wconf 89' lang='lat' dir='ltr'><strong>ducum</strong></span> <span class='ocrx_word' id='word_1_100' title='bbox 1031 1841 1150 1913; x_wconf 89' lang='lat' dir='ltr'><strong>clades</strong></span> <span class='ocrx_word' id='word_1_101' title='bbox 1168 1869 1261 1942; x_wconf 89' lang='lat' dir='ltr'><strong>saepe</strong></span> <span class='ocrx_word' id='word_1_102' title='bbox 1277 1870 1332 1916; x_wconf 90' lang='lat' dir='ltr'><strong>ac·</strong></span> 
     </span>
     <span class='ocr_line' id='line_1_15' title="bbox 263 1951 1331 2050; baseline 0.001 -24"><span class='ocrx_word' id='word_1_103' title='bbox 263 1955 441 2037; x_wconf 88' lang='lat' dir='ltr'><strong>ciderint,</strong></span> <span class='ocrx_word' id='word_1_104' title='bbox 469 1977 549 2050; x_wconf 86' lang='lat' dir='ltr'><strong>quae</strong></span> <span class='ocrx_word' id='word_1_105' title='bbox 569 1967 694 2023; x_wconf 83' lang='lat' dir='ltr'><strong>contra</strong></span> <span class='ocrx_word' id='word_1_106' title='bbox 713 1951 811 2022; x_wconf 91' lang='lat' dir='ltr'><strong>bona</strong></span> <span class='ocrx_word' id='word_1_107' title='bbox 829 1952 1027 2050; x_wconf 89' lang='lat' dir='ltr'><strong>prudentia</strong></span> <span class='ocrx_word' id='word_1_108' title='bbox 1051 1969 1088 2024; x_wconf 92' lang='lat' dir='ltr'><strong>et</strong></span> <span class='ocrx_word' id='word_1_109' title='bbox 1109 1953 1221 2026; x_wconf 87' lang='lat' dir='ltr'><strong>virtus</strong></span> <span class='ocrx_word' id='word_1_110' title='bbox 1241 1971 1331 2026; x_wconf 90' lang='lat' dir='ltr'><strong>attu-</strong></span> 
     </span>
     <span class='ocr_line' id='line_1_16' title="bbox 171 2063 1331 2154; baseline 0.002 -20"><span class='ocrx_word' id='word_1_111' title='bbox 171 2142 177 2154; x_wconf 45' lang='grc'>,</span> <span class='ocrx_word' id='word_1_112' title='bbox 262 2065 354 2136; x_wconf 82' lang='lat' dir='ltr'><strong>terit.</strong></span> <span class='ocrx_word' id='word_1_113' title='bbox 384 2067 504 2154; x_wconf 85' lang='lat' dir='ltr'><strong>Quem</strong></span> <span class='ocrx_word' id='word_1_114' title='bbox 532 2065 621 2134; x_wconf 86' lang='lat' dir='ltr'><strong>scire</strong></span> <span class='ocrx_word' id='word_1_115' title='bbox 649 2063 876 2148; x_wconf 84' lang='lat' dir='ltr'><strong>mortalium,</strong></span> <span class='ocrx_word' id='word_1_116' title='bbox 902 2065 1018 2134; x_wconf 86' lang='lat' dir='ltr'><strong>utrius</strong></span> <span class='ocrx_word' id='word_1_117' title='bbox 1038 2065 1190 2152; x_wconf 89' lang='lat' dir='ltr'><strong>mentis,</strong></span> <span class='ocrx_word' id='word_1_118' title='bbox 1215 2069 1331 2137; x_wconf 86' lang='lat' dir='ltr'><strong>utrius</strong></span> 
     </span>
     <span class='ocr_line' id='line_1_17' title="bbox 262 2170 1330 2273; baseline -0.001 -27"><span class='ocrx_word' id='word_1_119' title='bbox 262 2173 416 2246; x_wconf 85' lang='lat' dir='ltr'><strong>lortunae</strong></span> <span class='ocrx_word' id='word_1_120' title='bbox 445 2173 630 2244; x_wconf 90' lang='lat' dir='ltr'><strong>consulem</strong></span> <span class='ocrx_word' id='word_1_121' title='bbox 666 2171 711 2243; x_wconf 93' lang='lat' dir='ltr'><strong>ad</strong></span> <span class='ocrx_word' id='word_1_122' title='bbox 740 2170 877 2244; x_wconf 90' lang='lat' dir='ltr'><strong>bellum</strong></span> <span class='ocrx_word' id='word_1_123' title='bbox 905 2173 1076 2244; x_wconf 83' lang='lat' dir='ltr'><strong>mittant?</strong></span> <span class='ocrx_word' id='word_1_124' title='bbox 1103 2175 1330 2273; x_wconf 86' lang='lat' dir='ltr'><strong>triumphan-</strong></span> 
     </span>
     <span class='ocr_line' id='line_1_18' title="bbox 246 2283 1331 2383; baseline 0 -26"><span class='ocrx_word' id='word_1_125' title='bbox 246 2297 383 2372; x_wconf 81' lang='lat' dir='ltr'><strong>temne</strong></span> <span class='ocrx_word' id='word_1_126' title='bbox 400 2310 487 2357; x_wconf 87' lang='lat' dir='ltr'><strong>mox</strong></span> <span class='ocrx_word' id='word_1_127' title='bbox 506 2309 589 2355; x_wconf 89' lang='lat' dir='ltr'><strong>cum</strong></span> <span class='ocrx_word' id='word_1_128' title='bbox 609 2283 770 2354; x_wconf 87' lang='lat' dir='ltr'><strong>exercitu</strong></span> <span class='ocrx_word' id='word_1_129' title='bbox 789 2285 924 2355; x_wconf 88' lang='lat' dir='ltr'><strong>victore</strong></span> <span class='ocrx_word' id='word_1_130' title='bbox 944 2284 1174 2355; x_wconf 90' lang='lat' dir='ltr'><strong>scandentem</strong></span> <span class='ocrx_word' id='word_1_131' title='bbox 1190 2288 1331 2383; x_wconf 89' lang='lat' dir='ltr'><strong>Capito-</strong></span> 
     </span>
     <span class='ocr_line' id='line_1_19' title="bbox 262 2392 1330 2492; baseline -0.005 -24"><span class='ocrx_word' id='word_1_132' title='bbox 262 2399 352 2468; x_wconf 90' lang='lat' dir='ltr'><strong>lium</strong></span> <span class='ocrx_word' id='word_1_133' title='bbox 375 2396 420 2466; x_wconf 94' lang='lat' dir='ltr'><strong>ad</strong></span> <span class='ocrx_word' id='word_1_134' title='bbox 438 2394 583 2466; x_wconf 88' lang='lat' dir='ltr'><strong>eosdem</strong></span> <span class='ocrx_word' id='word_1_135' title='bbox 599 2393 704 2480; x_wconf 92' lang='lat' dir='ltr'><strong>deos,</strong></span> <span class='ocrx_word' id='word_1_136' title='bbox 726 2417 746 2461; x_wconf 91' lang='lat' dir='ltr'><strong>a</strong></span> <span class='ocrx_word' id='word_1_137' title='bbox 770 2392 904 2489; x_wconf 90' lang='lat' dir='ltr'><strong>quibus</strong></span> <span class='ocrx_word' id='word_1_138' title='bbox 924 2392 1184 2492; x_wconf 88' lang='lat' dir='ltr'><strong>proficiscatur,</strong></span> <span class='ocrx_word' id='word_1_139' title='bbox 1201 2397 1330 2482; x_wconf 87' lang='lat' dir='ltr'><strong>visuri,</strong></span> 
     </span>
     <span class='ocr_line' id='line_1_20' title="bbox 264 2501 1329 2601; baseline -0.003 -22"><span class='ocrx_word' id='word_1_140' title='bbox 264 2533 309 2580; x_wconf 88' lang='lat' dir='ltr'><strong>an</strong></span> <span class='ocrx_word' id='word_1_141' title='bbox 327 2505 492 2577; x_wconf 86' lang='lat' dir='ltr'><strong>hostibus</strong></span> <span class='ocrx_word' id='word_1_142' title='bbox 506 2528 584 2575; x_wconf 89' lang='lat' dir='ltr'><strong>eam</strong></span> <span class='ocrx_word' id='word_1_143' title='bbox 606 2501 789 2601; x_wconf 83' lang='lat' dir='ltr'><strong>praebituri</strong></span> <span class='ocrx_word' id='word_1_144' title='bbox 807 2503 963 2574; x_wconf 85' lang='lat' dir='ltr'><strong>laetitiam</strong></span> <span class='ocrx_word' id='word_1_145' title='bbox 984 2505 1076 2575; x_wconf 80' lang='lat' dir='ltr'><strong>sint?</strong></span> <span class='ocrx_word' id='word_1_146' title='bbox 1093 2507 1191 2576; x_wconf 91' lang='lat' dir='ltr'><strong>Persi</strong></span> <span class='ocrx_word' id='word_1_147' title='bbox 1210 2521 1329 2577; x_wconf 89' lang='lat' dir='ltr'><strong>autem</strong></span> 
     </span>
     <span class='ocr_line' id='line_1_21' title="bbox 262 2607 1329 2714; baseline -0.002 -27"><span class='ocrx_word' id='word_1_148' title='bbox 262 2607 360 2714; x_wconf 72' lang='lat' dir='ltr'><strong>regi,</strong></span> <span class='ocrx_word' id='word_1_149' title='bbox 390 2614 559 2686; x_wconf 84' lang='lat' dir='ltr'><strong>adversus</strong></span> <span class='ocrx_word' id='word_1_150' title='bbox 589 2635 698 2709; x_wconf 90' lang='lat' dir='ltr'><strong>quem</strong></span> <span class='ocrx_word' id='word_1_151' title='bbox 727 2611 869 2702; x_wconf 87' lang='lat' dir='ltr'><strong>ibatur,</strong></span> <span class='ocrx_word' id='word_1_152' title='bbox 893 2611 1022 2684; x_wconf 83' lang='lat' dir='ltr'><strong>lamam</strong></span> <span class='ocrx_word' id='word_1_153' title='bbox 1050 2629 1087 2685; x_wconf 91' lang='lat' dir='ltr'><strong>et</strong></span> <span class='ocrx_word' id='word_1_154' title='bbox 1114 2614 1212 2686; x_wconf 91' lang='lat' dir='ltr'><strong>bello</strong></span> <span class='ocrx_word' id='word_1_155' title='bbox 1237 2616 1329 2687; x_wconf 84' lang='lat' dir='ltr'><strong>clam</strong></span> 
     </span>
     <span class='ocr_line' id='line_1_22' title="bbox 264 2722 1328 2822; baseline 0 -25"><span class='ocrx_word' id='word_1_156' title='bbox 264 2723 506 2797; x_wconf 88' lang='lat' dir='ltr'><strong>Macedonum</strong></span> <span class='ocrx_word' id='word_1_157' title='bbox 533 2747 644 2818; x_wconf 79' lang='lat' dir='ltr'><strong>gem,</strong></span> <span class='ocrx_word' id='word_1_158' title='bbox 675 2736 711 2792; x_wconf 89' lang='lat' dir='ltr'><strong>et</strong></span> <span class='ocrx_word' id='word_1_159' title='bbox 741 2722 926 2822; x_wconf 92' lang='lat' dir='ltr'><strong>Philippus</strong></span> <span class='ocrx_word' id='word_1_160' title='bbox 952 2738 1068 2822; x_wconf 90' lang='lat' dir='ltr'><strong>pater,</strong></span> <span class='ocrx_word' id='word_1_161' title='bbox 1095 2727 1188 2797; x_wconf 90' lang='lat' dir='ltr'><strong>inter</strong></span> <span class='ocrx_word' id='word_1_162' title='bbox 1216 2728 1328 2797; x_wconf 91' lang='lat' dir='ltr'><strong>multa</strong></span> 
     </span>
     <span class='ocr_line' id='line_1_23' title="bbox 259 2830 1322 2936; baseline 0.002 -30"><span class='ocrx_word' id='word_1_163' title='bbox 259 2859 434 2936; x_wconf 85' lang='lat' dir='ltr'><strong>prospere</strong></span> <span class='ocrx_word' id='word_1_164' title='bbox 447 2830 568 2931; x_wconf 84' lang='lat' dir='ltr'><strong>gesta⁵</strong></span> <span class='ocrx_word' id='word_1_165' title='bbox 587 2856 736 2904; x_wconf 87' lang='lat' dir='ltr'><strong>romano</strong></span> <span class='ocrx_word' id='word_1_166' title='bbox 752 2835 857 2904; x_wconf 90' lang='lat' dir='ltr'><strong>etiam</strong></span> <span class='ocrx_word' id='word_1_167' title='bbox 872 2832 1083 2906; x_wconf 86' lang='lat' dir='ltr'><strong>nobilitatus</strong></span> <span class='ocrx_word' id='word_1_168' title='bbox 1096 2835 1213 2926; x_wconf 83' lang='lat' dir='ltr'><strong>bello,</strong></span> <span class='ocrx_word' id='word_1_169' title='bbox 1236 2863 1322 2936; x_wconf 78' lang='lat' dir='ltr'><strong>pra·</strong></span> 
     </span>
     <span class='ocr_line' id='line_1_24' title="bbox 262 2944 1322 3046; baseline -0.001 -27"><span class='ocrx_word' id='word_1_170' title='bbox 262 2946 391 3033; x_wconf 72' lang='lat' dir='ltr'><strong>behet,</strong></span> <span class='ocrx_word' id='word_1_171' title='bbox 412 2960 488 3016; x_wconf 92' lang='lat' dir='ltr'><strong>tum</strong></span> <span class='ocrx_word' id='word_1_172' title='bbox 512 2944 623 3042; x_wconf 91' lang='lat' dir='ltr'><strong>ipsius</strong></span> <span class='ocrx_word' id='word_1_173' title='bbox 645 2945 762 3014; x_wconf 88' lang='lat' dir='ltr'><strong>Persei</strong></span> <span class='ocrx_word' id='word_1_174' title='bbox 784 2969 990 3040; x_wconf 91' lang='lat' dir='ltr'><strong>nunquam,</strong></span> <span class='ocrx_word' id='word_1_175' title='bbox 1010 2971 1054 3017; x_wconf 84' lang='lat' dir='ltr'><strong>ex</strong></span> <span class='ocrx_word' id='word_1_176' title='bbox 1077 2971 1151 3042; x_wconf 93' lang='lat' dir='ltr'><strong>quo</strong></span> <span class='ocrx_word' id='word_1_177' title='bbox 1171 2971 1322 3046; x_wconf 88' lang='lat' dir='ltr'><strong>regnum</strong></span> 
     </span>
     <span class='ocr_line' id='line_1_25' title="bbox 263 3045 1328 3154; baseline 0 -24"><span class='ocrx_word' id='word_1_178' title='bbox 263 3055 655 3154; x_wconf 80' lang='lat' dir='ltr'><strong>accepisset,‚desitum</strong></span> <span class='ocrx_word' id='word_1_179' title='bbox 679 3053 767 3126; x_wconf 89' lang='lat' dir='ltr'><strong>belli</strong></span> <span class='ocrx_word' id='word_1_180' title='bbox 788 3045 1056 3152; x_wconf 83' lang='lat' dir='ltr'><strong>exspectatione</strong></span> <span class='ocrx_word' id='word_1_181' title='bbox 1073 3056 1246 3128; x_wconf 88' lang='lat' dir='ltr'><strong>celebrari</strong></span> <span class='ocrx_word' id='word_1_182' title='bbox 1265 3085 1328 3130; x_wconf 92' lang='lat' dir='ltr'><strong>no-</strong></span> 
     </span>
     <span class='ocr_line' id='line_1_26' title="bbox 264 3160 1328 3262; baseline -0.001 -22"><span class='ocrx_word' id='word_1_183' title='bbox 264 3194 359 3240; x_wconf 90' lang='lat' dir='ltr'><strong>men.</strong></span> <span class='ocrx_word' id='word_1_184' title='bbox 382 3173 474 3238; x_wconf 91' lang='lat' dir='ltr'><strong>Cum</strong></span> <span class='ocrx_word' id='word_1_185' title='bbox 500 3166 556 3236; x_wconf 91' lang='lat' dir='ltr'><strong>his</strong></span> <span class='ocrx_word' id='word_1_186' title='bbox 582 3160 857 3262; x_wconf 87' lang='lat' dir='ltr'><strong>cogitationibus</strong></span> <span class='ocrx_word' id='word_1_187' title='bbox 882 3167 1044 3236; x_wconf 89' lang='lat' dir='ltr'><strong>omnium</strong></span> <span class='ocrx_word' id='word_1_188' title='bbox 1070 3165 1240 3238; x_wconf 86' lang='lat' dir='ltr'><strong>ordinum</strong></span> <span class='ocrx_word' id='word_1_189' title='bbox 1266 3169 1328 3239; x_wconf 92' lang='lat' dir='ltr'><strong>ho·</strong></span> 
     </span>
     <span class='ocr_line' id='line_1_27' title="bbox 263 3273 1327 3372; baseline 0.002 -24"><span class='ocrx_word' id='word_1_190' title='bbox 263 3281 378 3348; x_wconf 89' lang='lat' dir='ltr'><strong>mines</strong></span> <span class='ocrx_word' id='word_1_191' title='bbox 395 3273 681 3372; x_wconf 86' lang='lat' dir='ltr'><strong>proficiscentem</strong></span> <span class='ocrx_word' id='word_1_192' title='bbox 702 3273 888 3345; x_wconf 91' lang='lat' dir='ltr'><strong>consulem</strong></span> <span class='ocrx_word' id='word_1_193' title='bbox 902 3277 1117 3372; x_wconf 90' lang='lat' dir='ltr'><strong>prosequuti</strong></span> <span class='ocrx_word' id='word_1_194' title='bbox 1131 3295 1225 3350; x_wconf 92' lang='lat' dir='ltr'><strong>sunt.</strong></span> <span class='ocrx_word' id='word_1_195' title='bbox 1244 3283 1327 3350; x_wconf 91' lang='lat' dir='ltr'><strong>Duo</strong></span> 
     </span>
    </p>
   </div>
   <div class='ocr_carea' id='block_1_2' title="bbox 261 3491 1340 4190">
    <p class='ocr_par' dir='ltr' id='par_1_2' title="bbox 263 3491 1328 3717">
     <span class='ocr_line' id='line_1_28' title="bbox 299 3491 1326 3558; baseline 0 -16"><span class='ocrx_word' id='word_1_196' title='bbox 299 3497 361 3543; x_wconf 78' lang='lat' dir='ltr'><strong>Car.</strong></span> <span class='ocrx_word' id='word_1_197' title='bbox 373 3494 465 3540; x_wconf 82' lang='lat' dir='ltr'><strong>XLIX.</strong></span> <span class='ocrx_word' id='word_1_198' title='bbox 488 3507 509 3540; x_wconf 94' lang='grc' dir='ltr'><strong>ι.</strong></span> <span class='ocrx_word' id='word_1_199' title='bbox 527 3491 593 3539; x_wconf 84' lang='lat' dir='ltr'><strong>Votis</strong></span> <span class='ocrx_word' id='word_1_200' title='bbox 609 3492 634 3539; x_wconf 83' lang='lat' dir='ltr'><strong>in</strong></span> <span class='ocrx_word' id='word_1_201' title='bbox 654 3491 773 3556; x_wconf 83' lang='lat' dir='ltr'><strong>Capitolio</strong></span> <span class='ocrx_word' id='word_1_202' title='bbox 818 3491 1008 3554; x_wconf 65' lang='lat' dir='ltr'><strong>rempublicam</strong></span> <span class='ocrx_word' id='word_1_203' title='bbox 1020 3495 1075 3544; x_wconf 79' lang='lat' dir='ltr'><strong>vido</strong></span> <span class='ocrx_word' id='word_1_204' title='bbox 1091 3495 1122 3543; x_wconf 85' lang='lat' dir='ltr'><strong>ad</strong></span> <span class='ocrx_word' id='word_1_205' title='bbox 1139 3499 1192 3555; x_wconf 88' lang='lat'><strong>111,</strong></span> <span class='ocrx_word' id='word_1_206' title='bbox 1210 3498 1239 3558; x_wconf 87' lang='lat'><strong>5,</strong></span> <span class='ocrx_word' id='word_1_207' title='bbox 1259 3513 1284 3545; x_wconf 86' lang='lat' dir='ltr'><strong>n.</strong></span> <span class='ocrx_word' id='word_1_208' title='bbox 1300 3498 1326 3544; x_wconf 87' lang='lat'><strong>6.</strong></span> 
     </span>
     <span class='ocr_line' id='line_1_29' title="bbox 263 3568 1328 3638; baseline 0.001 -16"><span class='ocrx_word' id='word_1_209' title='bbox 263 3571 422 3637; x_wconf 77' lang='lat' dir='ltr'><strong>nrmcnpatis,</strong></span> <span class='ocrx_word' id='word_1_210' title='bbox 431 3570 567 3634; x_wconf 78' lang='lat' dir='ltr'><strong>paludatus</strong></span> <span class='ocrx_word' id='word_1_211' title='bbox 576 3570 608 3616; x_wconf 83' lang='lat' dir='ltr'><strong>ab</strong></span> <span class='ocrx_word' id='word_1_212' title='bbox 622 3571 685 3617; x_wconf 78' lang='lat' dir='ltr'><strong>Urbe</strong></span> <span class='ocrx_word' id='word_1_213' title='bbox 691 3568 774 3634; x_wconf 71' lang='lat' dir='ltr'><strong>profi·</strong></span> <span class='ocrx_word' id='word_1_214' title='bbox 854 3571 1108 3638; x_wconf 71' lang='lat' dir='ltr'><strong>t.lncertusforeunoe</strong></span> <span class='ocrx_word' id='word_1_215' title='bbox 1117 3587 1328 3633; x_wconf 65' lang='lat' dir='ltr'><strong>eventumommu·</strong></span> 
     </span>
     <span class='ocr_line' id='line_1_30' title="bbox 265 3645 1326 3717; baseline 0.001 -16"><span class='ocrx_word' id='word_1_216' title='bbox 265 3667 317 3703; x_wconf 87' lang='lat' dir='ltr'><strong>ctus</strong></span> <span class='ocrx_word' id='word_1_217' title='bbox 329 3661 367 3700; x_wconf 81' lang='lat' dir='ltr'><strong>est</strong></span> <span class='ocrx_word' id='word_1_218' title='bbox 375 3668 386 3708; x_wconf 92' lang='lat'><strong>,·</strong></span> <span class='ocrx_word' id='word_1_219' title='bbox 397 3649 455 3698; x_wconf 66' lang='lat' dir='ltr'><strong>alde</strong></span> <span class='ocrx_word' id='word_1_220' title='bbox 465 3648 497 3696; x_wconf 82' lang='lat' dir='ltr'><strong>ad</strong></span> <span class='ocrx_word' id='word_1_221' title='bbox 507 3649 586 3706; x_wconf 90' lang='lat' dir='ltr'><strong>XXI,</strong></span> <span class='ocrx_word' id='word_1_222' title='bbox 601 3649 634 3696; x_wconf 85' lang='grc'><strong>63</strong></span> <span class='ocrx_word' id='word_1_223' title='bbox 645 3645 688 3710; x_wconf 74' lang='lat' dir='ltr'><strong>,n.&#39;</strong></span> <span class='ocrx_word' id='word_1_224' title='bbox 700 3663 738 3695; x_wconf 86' lang='lat'><strong>10.</strong></span> <span class='ocrx_word' id='word_1_225' title='bbox 818 3648 903 3712; x_wconf 79' lang='lat' dir='ltr'><strong>nisque</strong></span> <span class='ocrx_word' id='word_1_226' title='bbox 918 3651 985 3698; x_wconf 83' lang='lat' dir='ltr'><strong>Mars</strong></span> <span class='ocrx_word' id='word_1_227' title='bbox 1005 3651 1063 3700; x_wconf 78' lang='lat' dir='ltr'><strong>belli</strong></span> <span class='ocrx_word' id='word_1_228' title='bbox 1067 3671 1078 3709; x_wconf 89' lang='lat'><strong>,·</strong></span> <span class='ocrx_word' id='word_1_229' title='bbox 1094 3654 1145 3702; x_wconf 85' lang='lat' dir='ltr'><strong>vid.</strong></span> <span class='ocrx_word' id='word_1_230' title='bbox 1156 3657 1188 3716; x_wconf 84' lang='lat' dir='ltr'><strong>V,</strong></span> <span class='ocrx_word' id='word_1_231' title='bbox 1204 3672 1249 3717; x_wconf 84' lang='lat' dir='ltr'><strong>ra,</strong></span> <span class='ocrx_word' id='word_1_232' title='bbox 1263 3673 1289 3704; x_wconf 88' lang='lat' dir='ltr'><strong>n.</strong></span> <span class='ocrx_word' id='word_1_233' title='bbox 1304 3672 1326 3703; x_wconf 91' lang='lat'><strong>1.</strong></span> 
     </span>
    </p>

    <p class='ocr_par' dir='ltr' id='par_1_3' title="bbox 265 3727 1340 3878">
     <span class='ocr_line' id='line_1_31' title="bbox 300 3727 1340 3790; baseline 0.001 -8"><span class='ocrx_word' id='word_1_234' title='bbox 300 3753 324 3782; x_wconf 84' lang='lat' dir='ltr'><strong>a.</strong></span> <span class='ocrx_word' id='word_1_235' title='bbox 355 3729 477 3780; x_wconf 78' lang='lat' dir='ltr'><strong>Convertit</strong></span> <span class='ocrx_word' id='word_1_236' title='bbox 503 3727 585 3775; x_wconf 76' lang='lat' dir='ltr'><strong>ocrtlos</strong></span> <span class='ocrx_word' id='word_1_237' title='bbox 613 3727 774 3790; x_wconf 81' lang='lat' dir='ltr'><strong>animosque,·</strong></span> <span class='ocrx_word' id='word_1_238' title='bbox 817 3753 852 3764; x_wconf 88' lang='lat'><strong>--</strong></span> <span class='ocrx_word' id='word_1_239' title='bbox 868 3728 948 3776; x_wconf 79' lang='lat' dir='ltr'><strong>Utrius</strong></span> <span class='ocrx_word' id='word_1_240' title='bbox 966 3730 1064 3788; x_wconf 75' lang='lat' dir='ltr'><strong>mentis,</strong></span> <span class='ocrx_word' id='word_1_241' title='bbox 1079 3733 1172 3782; x_wconf 80' lang='lat' dir='ltr'><strong>scilicet</strong></span> <span class='ocrx_word' id='word_1_242' title='bbox 1185 3745 1268 3782; x_wconf 84' lang='lat' dir='ltr'><strong>utrum</strong></span> <span class='ocrx_word' id='word_1_243' title='bbox 1282 3735 1340 3782; x_wconf 83' lang='lat' dir='ltr'><strong>im-&#39;</strong></span> 
     </span>
     <span class='ocr_line' id='line_1_32' title="bbox 265 3805 1326 3878; baseline -0.002 -16"><span class='ocrx_word' id='word_1_244' title='bbox 265 3815 320 3862; x_wconf 80' lang='lat' dir='ltr'><strong>vide</strong></span> <span class='ocrx_word' id='word_1_245' title='bbox 329 3813 361 3859; x_wconf 85' lang='lat' dir='ltr'><strong>ad</strong></span> <span class='ocrx_word' id='word_1_246' title='bbox 370 3811 462 3866; x_wconf 69' lang='grc' dir='ltr'><strong>ΠΗ,</strong></span> <span class='ocrx_word' id='word_1_247' title='bbox 476 3809 506 3855; x_wconf 86' lang='grc' dir='ltr'><strong>5ι</strong></span> <span class='ocrx_word' id='word_1_248' title='bbox 518 3841 525 3864; x_wconf 91' lang='grc'>,</span> <span class='ocrx_word' id='word_1_249' title='bbox 535 3823 560 3855; x_wconf 93' lang='grc' dir='ltr'><strong>ιι.</strong></span> <span class='ocrx_word' id='word_1_250' title='bbox 573 3806 597 3854; x_wconf 77' lang='grc'><strong>3.</strong></span> <span class='ocrx_word' id='word_1_251' title='bbox 817 3805 953 3869; x_wconf 84' lang='lat' dir='ltr'><strong>prudentis,</strong></span> <span class='ocrx_word' id='word_1_252' title='bbox 964 3824 996 3856; x_wconf 83' lang='lat' dir='ltr'><strong>an</strong></span> <span class='ocrx_word' id='word_1_253' title='bbox 1008 3810 1154 3874; x_wconf 75' lang='lat' dir='ltr'><strong>prudentie?</strong></span> <span class='ocrx_word' id='word_1_254' title='bbox 1163 3812 1326 3878; x_wconf 81' lang='lat' dir='ltr'><strong>Utriussortu·</strong></span> 
     </span>
    </p>

    <p class='ocr_par' dir='ltr' id='par_1_4' title="bbox 261 3883 1326 4190">
     <span class='ocr_line' id='line_1_33' title="bbox 300 3883 1326 3956; baseline 0.001 -16"><span class='ocrx_word' id='word_1_255' title='bbox 300 3894 323 3939; x_wconf 86' lang='grc'><strong>3.</strong></span> <span class='ocrx_word' id='word_1_256' title='bbox 336 3885 462 3938; x_wconf 72' lang='lat' dir='ltr'><strong>contrahit</strong></span> <span class='ocrx_word' id='word_1_257' title='bbox 480 3885 558 3941; x_wconf 82' lang='lat' dir='ltr'><strong>enim,</strong></span> <span class='ocrx_word' id='word_1_258' title='bbox 572 3901 605 3933; x_wconf 84' lang='lat' dir='ltr'><strong>sc.</strong></span> <span class='ocrx_word' id='word_1_259' title='bbox 623 3883 772 3950; x_wconf 82' lang='lat' dir='ltr'><strong>permultos,</strong></span> <span class='ocrx_word' id='word_1_260' title='bbox 818 3900 865 3942; x_wconf 72' lang='grc' dir='ltr'><strong>πω,</strong></span> <span class='ocrx_word' id='word_1_261' title='bbox 876 3896 958 3934; x_wconf 83' lang='lat' dir='ltr'><strong>utrum</strong></span> <span class='ocrx_word' id='word_1_262' title='bbox 971 3888 1085 3949; x_wconf 77' lang='lat' dir='ltr'><strong>advenae,</strong></span> <span class='ocrx_word' id='word_1_263' title='bbox 1093 3906 1125 3938; x_wconf 79' lang='lat' dir='ltr'><strong>an</strong></span> <span class='ocrx_word' id='word_1_264' title='bbox 1137 3907 1269 3956; x_wconf 77' lang='lat' dir='ltr'><strong>prosperet.</strong></span> <span class='ocrx_word' id='word_1_265' title='bbox 1281 3894 1326 3940; x_wconf 86' lang='lat' dir='ltr'><strong>En.</strong></span> 
     </span>
     <span class='ocr_line' id='line_1_34' title="bbox 263 3963 1274 4034; baseline 0.004 -19"><span class='ocrx_word' id='word_1_266' title='bbox 263 3985 372 4034; x_wconf 80' lang='lat' dir='ltr'><strong>magnam</strong></span> <span class='ocrx_word' id='word_1_267' title='bbox 379 3967 507 4014; x_wconf 83' lang='lat' dir='ltr'><strong>hominum</strong></span> <span class='ocrx_word' id='word_1_268' title='bbox 517 3963 714 4024; x_wconf 84' lang='lat' dir='ltr'><strong>multitudinem,</strong></span> <span class='ocrx_word' id='word_1_269' title='bbox 724 3977 773 4010; x_wconf 79' lang='lat' dir='ltr'><strong>non</strong></span> <span class='ocrx_word' id='word_1_270' title='bbox 819 3990 851 3998; x_wconf 92' lang='lat'>—</span> <span class='ocrx_word' id='word_1_271' title='bbox 862 3965 931 4012; x_wconf 84' lang='lat' dir='ltr'><strong>Persi</strong></span> <span class='ocrx_word' id='word_1_272' title='bbox 941 3967 1011 4031; x_wconf 59' lang='grc' dir='ltr'><strong>κείς</strong></span> <span class='ocrx_word' id='word_1_273' title='bbox 1024 3967 1073 4015; x_wconf 85' lang='lat' dir='ltr'><strong>vid.</strong></span> <span class='ocrx_word' id='word_1_274' title='bbox 1085 3985 1139 4034; x_wconf 87' lang='lat' dir='ltr'><strong>cap.</strong></span> <span class='ocrx_word' id='word_1_275' title='bbox 1154 3970 1187 4017; x_wconf 78' lang='lat'><strong>25</strong></span> <span class='ocrx_word' id='word_1_276' title='bbox 1196 4005 1203 4028; x_wconf 95' lang='lat'><strong>,</strong></span> <span class='ocrx_word' id='word_1_277' title='bbox 1213 3987 1237 4019; x_wconf 89' lang='grc' dir='ltr'><strong>ιι.</strong></span> <span class='ocrx_word' id='word_1_278' title='bbox 1252 3987 1274 4018; x_wconf 90' lang='grc' dir='ltr'><strong>ι.</strong></span> 
     </span>
     <span class='ocr_line' id='line_1_35' title="bbox 261 4038 1326 4116; baseline 0.001 -20"><span class='ocrx_word' id='word_1_279' title='bbox 261 4049 340 4116; x_wconf 72' lang='lat' dir='ltr'><strong>officii</strong></span> <span class='ocrx_word' id='word_1_280' title='bbox 357 4046 428 4094; x_wconf 86' lang='lat' dir='ltr'><strong>modo</strong></span> <span class='ocrx_word' id='word_1_281' title='bbox 445 4059 523 4101; x_wconf 77' lang='lat' dir='ltr'><strong>cura5</strong></span> <span class='ocrx_word' id='word_1_282' title='bbox 541 4041 597 4089; x_wconf 79' lang='lat' dir='ltr'><strong>vida</strong></span> <span class='ocrx_word' id='word_1_283' title='bbox 612 4040 643 4088; x_wconf 79' lang='lat' dir='ltr'><strong>ad</strong></span> <span class='ocrx_word' id='word_1_284' title='bbox 655 4038 704 4102; x_wconf 83' lang='lat' dir='ltr'><strong>VI,</strong></span> <span class='ocrx_word' id='word_1_285' title='bbox 726 4041 773 4100; x_wconf 67' lang='lat'><strong>34&#39;,</strong></span> <span class='ocrx_word' id='word_1_286' title='bbox 853 4043 1263 4114; x_wconf 67' lang='lat' dir='ltr'><strong>5.1nae0rmu1eaprosperegesta,</strong></span> <span class='ocrx_word' id='word_1_287' title='bbox 1278 4062 1326 4099; x_wconf 83' lang='lat' dir='ltr'><strong>etc.</strong></span> 
     </span>
     <span class='ocr_line' id='line_1_36' title="bbox 261 4121 1181 4190; baseline 0 -13"><span class='ocrx_word' id='word_1_288' title='bbox 261 4121 771 4190; x_wconf 78' lang='lat' dir='ltr'><strong>n.6‚etxxl,63,n.1o.-Summam</strong></span> <span class='ocrx_word' id='word_1_289' title='bbox 815 4121 872 4170; x_wconf 80' lang='lat' dir='ltr'><strong>vide</strong></span> <span class='ocrx_word' id='word_1_290' title='bbox 885 4123 916 4170; x_wconf 83' lang='lat' dir='ltr'><strong>ad</strong></span> <span class='ocrx_word' id='word_1_291' title='bbox 924 4125 1051 4182; x_wconf 83' lang='lat' dir='ltr'><strong>XXXVI,</strong></span> <span class='ocrx_word' id='word_1_292' title='bbox 1064 4127 1107 4185; x_wconf 81' lang='lat'><strong>38,</strong></span> <span class='ocrx_word' id='word_1_293' title='bbox 1118 4144 1144 4174; x_wconf 90' lang='grc' dir='ltr'><strong>ιι.</strong></span> <span class='ocrx_word' id='word_1_294' title='bbox 1158 4144 1181 4177; x_wconf 80' lang='lat' dir='ltr'><strong>a.</strong></span> 
     </span>
    </p>
   </div>
   <div class='ocr_carea' id='block_1_3' title="bbox 0 0 1490 4720">
    <p class='ocr_par' dir='ltr' id='par_1_5' title="bbox 0 0 1490 4720">
     <span class='ocr_line' id='line_1_37' title="bbox 0 0 1490 4720; baseline 0 4"><span class='ocrx_word' id='word_1_295' title='bbox 0 0 1490 4720; x_wconf 95' lang='lat' dir='ltr'><strong> </strong></span> 
     </span>
    </p>
   </div>
  </div>
 </body>
</html>
