2970 4712
1178 424 1203 458 Α.
1217 421 1242 460 C.
1258 422 1301 459 ¹68.

1169 479 1204 528 U.
1216 481 1241 520 C.
1256 483 1304 526 584.

268 472 334 542 292
664 446 722 510 r.
754 443 891 513 tntu

266 568 441 666 praediave
469 567 600 636 rustica
630 563 745 660 pluris
777 562 980 632 sestertium
1002 560 1150 655 triginta
1173 561 1327 630 millium

266 679 464 763 haherent,
490 672 659 746 censendi
682 673 740 768 jus
765 671 898 742 factum
923 685 976 740 est
989 667 1017 738 ³.
1043 675 1128 740 Hoc·
1142 693 1256 766 quum
1277 671 1328 740 ita

267 803 445 860 servatum
464 798 578 870 esset,
597 781 752 879 negabat
769 780 956 865 ClaudiuS,
976 779 1142 875 suffragii
1157 779 1327 850 lationem

267 899 402 992 injussu
415 895 548 993 populi
562 916 742 963 censorem
760 896 930 987 cuiquam
945 889 1103 974 homiui,
1122 890 1254 959 nedum
1270 914 1326 958 or-

266 1008 346 1077 dini
359 1011 543 1087 universo,
570 1003 730 1073 adimere
742 1024 863 1097 posse.
892 1004 1021 1096 Neque
1042 1005 1157 1084 enim,
1180 1005 1214 1068 si
1230 998 1326 1067 tribu

266 1116 429 1185 movere⁴
445 1127 588 1210 posset,
610 1109 712 1207 quod
730 1115 778 1178 sit
796 1108 892 1178 nibil
904 1107 1027 1194 aliud,
1052 1132 1164 1204 quum
1185 1125 1327 1177 mutare

255 1223 389 1322 JJubere
407 1221 558 1304 tribum,
581 1219 664 1288 ideo
687 1217 853 1288 omnibus
873 1223 1033 1314 quiaque
1049 1233 1086 1286 et
1100 1223 1243 1312 triginta
1262 1223 1323 1286 tri-

264 1409 344 1457 Verba
357 1424 389 1454 ex
404 1409 466 1456 Sero
481 1408 563 1471 inepte
579 1407 606 1453 h.
621 1406 638 1454 l.
648 1405 734 1462 inseri,
748 1415 772 1451 et

264 1488 304 1536 vel
311 1489 358 1549 leg.
368 1503 419 1534 esse
427 1502 461 1532 err
469 1486 529 1544 seeo
539 1483 653 1548 descripti
660 1494 734 1530 erant
744 1481 771 1530 u·-

265 1565 366 1621 bertini,
376 1565 414 1611 vel
424 1563 515 1611 cerueri
523 1579 556 1609 erc
565 1563 626 1610 SCto
634 1561 772 1626 jusserunt,

263 1645 365 1710 putabet
378 1644 449 1692 Crev.
521 1675 523 1682 ·

300 1725 324 1770 3,
340 1721 504 1786 Censendijus
510 1719 610 1785 factum
624 1731 672 1776 est,
685 1742 696 1760 α
708 1719 733 1766 b.
750 1735 772 1766 e.

264 1805 293 1850 iis
313 1801 396 1848 dutum
413 1811 478 1860 erut,
498 1810 526 1845 ut
544 1799 570 1844 in
588 1798 655 1845 tribu
679 1797 772 1844 censeri

264 1890 375 1944 possent,
384 1893 458 1940 quum
464 1887 521 1924 unte
530 1877 596 1922 censi
603 1891 654 1922 non
663 1875 772 1950 inissent.

264 1957 336 2006 Unde
346 1971 497 2017 consequens
506 1965 554 2014 est,
565 1970 618 2013 eos,
629 1954 672 2016 qui
682 1953 772 2016 predis

264 2036 353 2083 rustica
369 2033 470 2080 mmoris
481 2031 617 2078 sestertium
632 2032 722 2091 30,οω
734 2031 773 2078 hn-

264 2115 364 2171 berent,
382 2111 473 2159 tribum
492 2125 544 2156 non
565 2109 689 2167 babuisse,
714 2121 739 2156 et
759 2125 773 2156 ι

264 2190 374 2254 suffragii
385 2189 476 2236 latione
491 2189 602 2235 exclusos
614 2188 696 2235 inisse.
709 2187 773 2235 Nem

266 2287 321 2326 eos,
344 2283 406 2332 quos
429 2277 531 2330 prepter
552 2265 644 2330 praediu
668 2265 773 2325 rustica,

265 2364 320 2412 quae
335 2346 414 2409 pluris
433 2345 569 2392 sestertium
585 2345 677 2402 30‚ooo
689 2356 774 2405 erent,

265 2411 380 2473 cen'sendi
395 2424 439 2484 jus
459 2423 550 2469 sactum
568 2433 630 2480 erut,
648 2424 674 2470 in
691 2439 740 2470 unt
760 2439 774 2470 e

265 2515 370 2567 quatuor
381 2501 492 2549 tribubus
504 2501 615 2559 urbanis,
627 2516 678 2548 non
692 2501 718 2547 in
731 2500 773 2548 tri·

244 2633 250 2640 ,
265 2582 345 2630 bubus
365 2580 472 2636 rusticis,
488 2590 588 2636 utens,
603 2578 693 2641 quibus
708 2575 774 2626 filius

267 2659 420 2730 quinquenni
430 2658 509 2719 major
518 2668 568 2704 erat
576 2690 583 2715 ‚
592 2672 679 2704 censos
689 2657 775 2718 fuisse,

265 2756 335 2797 vere,
350 2749 377 2785 ut
392 2748 470 2801 puto,
487 2736 589 2783 uadunt
606 2735 732 2785 Manutius
750 2747 775 2784 et

266 2817 388 2881 Sigonius.
404 2815 451 2863 Sed
471 2815 544 2877 quid,
560 2815 580 2860 si
593 2813 660 2860 nulla
676 2813 774 2876 quidem

266 2896 357 2960 praedIa
377 2895 484 2949 rustice,
502 2892 544 2940 sed
566 2892 671 2950 urbana,
691 2907 774 2940 verum

265 2977 338 3038 longe
353 2972 430 3036 pluris
442 2971 578 3020 sestertium
592 2971 775 3032 30,000p0ssi·

268 3053 371 3101 dercntl
394 3051 414 3097 si
434 3052 550 3110 majorem
573 3063 688 3096 summam
709 3047 773 3111 epud

266 3129 414 3194 argentarios
426 3139 467 3175 sut
480 3128 507 3174 in
520 3129 603 3175 l'enore
617 3127 722 3189 positum
731 3125 774 3174 hu-

266 3209 371 3256 berenti'
385 3223 416 3253 sn
429 3217 508 3253 tamen
528 3205 617 3252 tribum
634 3220 685 3251 non
701 3205 774 3252 hebe-

266 3289 339 3344 bant,
362 3297 387 3332 et
407 3300 482 3331 censu
505 3300 533 3330 sc
554 3284 663 3346 suffragii
685 3283 775 3332 latione

267 3363 459 3414 excludebantur
469 3364 479 3409 Ρ
488 3382 501 3402 ι»
514 3361 606 3410 Duker.
620 3364 685 3408 Ante
701 3361 775 3410 verba

267 3441 380 3490 censendi
389 3440 433 3504 jus
444 3439 545 3503 fuctum
558 3451 594 3486 est
611 3438 730 3487 excidisse
748 3440 773 3486 in

267 3520 374 3568 tribubus
385 3515 495 3572 rusticis,
510 3517 663 3565 exIstimabet
674 3519 773 3568 Crever.

266 3616 322 3648 nam
333 3601 359 3656 L.
372 3594 469 3643 AEmilio
485 3605 512 3641 et
523 3595 551 3642 C.
563 3595 680 3643 Flaminio
691 3612 774 3644 censo-

244 3719 249 3725 .
266 3679 332 3726 ribus
343 3691 394 3722 non
407 3685 488 3720 actum
500 3673 587 3729 tirisse,
599 3684 682 3722 utrum
692 3689 774 3724 nense.

267 3768 351 3804 rentur
359 3753 481 3809 libertini,
493 3750 537 3798 sed
549 3751 592 3798 ubi
606 3763 773 3804 censerentur:

266 3836 328 3882 bene
342 3844 422 3880 autem
436 3845 478 3877 eos
491 3831 518 3876 in
530 3828 607 3877 tribus
618 3831 719 3878 rusticus
732 3831 774 3878 ad-

266 3913 346 3969 mitti,
364 3912 407 3974 qui
427 3908 520 3973 predis
538 3909 626 3956 rustice
643 3908 773 3970 haberen13

816 1404 852 1452 ita
876 1417 995 1452 seruatum
1018 1417 1094 1461 esset‚·
1114 1404 1179 1461 haec,
1199 1417 1227 1452 ut
1249 1407 1324 1470 paulo

816 1485 1028 1549 antefactumest,
1042 1501 1109 1547 non,
1121 1496 1151 1532 ut
1159 1497 1241 1533 monet
1251 1486 1323 1534 Cret,

816 1562 846 1610 de
859 1563 974 1623 decreto,
989 1565 1056 1626 quod
1071 1580 1136 1611 nnnc
1152 1565 1228 1611 lsttrm
1245 1577 1321 1624 esset,

728 1673 734 1689 .
815 1641 858 1688 sed
869 1642 900 1690 de
912 1659 981 1690 mone
990 1676 997 1700 ‚
1006 1645 1056 1704 jam
1065 1658 1110 1706 per
1115 1642 1216 1705 aliquod
1226 1653 1322 1706 tempus

815 1732 926 1782 servato,
943 1721 1022 1784 accipi
1038 1737 1109 1784 posse
1125 1720 1244 1768 existimet
1260 1722 1322 1768 Doe-

815 1801 917 1864 ringius.
929 1803 975 1848 Eu.

852 1888 875 1936 t.
889 1881 1005 1944 Negabat
1016 1878 1144 1936 Claudiru,
1155 1877 1269 1944 suffiags'i
1285 1880 1323 1926 la-

815 1958 905 2006 tionem
917 1958 1007 2022 s'eq'ussu
1020 1956 1145 2022 pepuli...
1165 1957 1227 2004 tribu
1244 1973 1323 2005 move·

816 2053 857 2094 re,
867 2048 915 2085 ete.
926 2036 977 2084 vid.
989 2033 1034 2098 IV,
1046 2044 1090 2099 nt,
1102 2052 1129 2084 n.
1140 2037 1167 2095 ὅς
1178 2037 1323 2094 XXXVIII,

817 2117 908 2179 36,n.
929 2115 1168 2176 43ttxx1x‚55‚
1185 2131 1211 2162 n.
1228 2131 1248 2162 1.
1264 2117 1323 2162 «Ex

816 2194 861 2242 bac
874 2194 1049 2258 disceptatione
1068 2194 1165 2242 Claudii
1179 2209 1235 2240 cum
1249 2195 1324 2240 Grac-

817 2273 864 2320 ebo
886 2272 1015 2319 consilium
1037 2271 1141 2320 Gracchi
1169 2271 1323 2334 intelligitur,

817 2351 885 2414 quod
903 2351 986 2398 Livius
1003 2351 1030 2398 in
1048 2351 1091 2408 iis,
1104 2367 1158 2414 quse
1175 2351 1215 2397 hic
1230 2351 1325 2399 Interci-

817 2429 919 2486 derunt,
928 2439 1079 2492 exposuerat.
1089 2429 1324 2486 Habebrtmimirum

817 2507 844 2553 in
854 2507 948 2568 auimo,
957 2521 1040 2554 omnes
1049 2506 1176 2554 libertinos
1188 2524 1240 2556 nou
1248 2507 1324 2554 modo

817 2587 929 2643 rustitis,
943 2601 1025 2632 verum
1039 2586 1114 2633 etism
1130 2586 1230 2633 urbanis
1246 2587 1324 2634 tribu·

817 2664 863 2710 bus
872 2664 973 2727 pellere,
982 2675 1006 2711 et
1015 2666 1129 2712 universo
1138 2665 1220 2712 ordini
1228 2666 1324 2713 liberti-

817 2758 905 2790 nomrn
919 2739 1155 2806 suiimgii'lntionem
1169 2743 1281 2791 adimere.
1293 2744 1324 2792 Id

818 2836 907 2888 quum,
920 2832 1004 2868 contre
1017 2820 1132 2868 tendente
1144 2821 1250 2886 collega,
1264 2839 1324 2881 ecn-

817 2899 886 2960 sequi
891 2913 945 2944 non
953 2909 1051 2962 posset,
1061 2899 1109 2946 hnc
1118 2911 1198 2948 temen
1208 2899 1324 2960 obtinuit,

818 2987 846 3024 ut
861 2992 946 3024 omnes
964 2977 1086 3036 libertini,
1108 2990 1133 3026 et
1155 2980 1198 3041 qui
1219 2991 1275 3027 ante
1297 2981 1325 3026 in

818 3056 914 3105 rusticis
938 3055 1063 3114 tribubus,
1079 3057 1160 3120 etqui
1176 3058 1203 3104 in
1220 3069 1325 3121 quatuor

817 3133 917 3181 urbanis
937 3134 1108 3193 censebuntur,
1125 3137 1151 3181 in
1169 3151 1241 3182 unum
1254 3136 1324 3182 urbs·

818 3229 890 3271 uum,
909 3213 936 3260 in
954 3228 1001 3276 qua
1023 3225 1178 3260 censerentur
1195 3225 1220 3261 et
1236 3215 1324 3261 suifra-

818 3291 883 3353 gium
899 3291 999 3348 ferrent,
1020 3291 1205 3352 conjicerentur.
1223 3295 1259 3339 Its
1273 3291 1324 3340 hou

818 3370 905 3416 rectius
925 3368 1050 3433 explicant
1067 3371 1163 3418 Munut.
1183 3382 1208 3418 et
1228 3371 1328 3434 Sigon„

817 3463 889 3510 quem
901 3448 1010 3510 Pighius,
1020 3451 1062 3510 qui
1076 3449 1093 3498 l.
1107 3449 1124 3497 l.
1140 3449 1238 3504 scribit,
1249 3454 1326 3500 Grac·

817 3525 889 3572 chum
904 3525 1050 3584 decrevisse,
1059 3537 1164 3590 quatuor
1176 3529 1272 3576 urbanis
1283 3531 1325 3576 tri·

816 3603 897 3650 bubus
913 3619 997 3651 omnes
1015 3621 1142 3663 emovere,
1161 3609 1203 3669 qui
1224 3608 1326 3654 servitu·

817 3693 866 3728 tem
877 3685 1020 3742 servissent,
1034 3696 1059 3732 et
1072 3686 1161 3748 quibus
1174 3687 1327 3749 quinquenni

817 3761 894 3821 maior
913 3758 977 3808 filius
996 3763 1118 3826 praediave
1140 3765 1228 3812 rustica
1248 3765 1326 3828 pluris

817 3840 952 3887 sestertium
965 3841 1056 3898 tonso
1069 3857 1121 3889 non
1132 3853 1223 3899 essent3
1236 3854 1260 3890 et
1273 3852 1327 3888 tum

816 3917 922 3980 primurn
937 3920 964 3964 ln
982 3919 1130 3981 Esquilinum
1147 3921 1224 3968 solun
1245 3921 1325 3980 conie-

266 4001 290 4036 et
301 3989 365 4035 hanc
383 3988 455 4036 fuisse
473 4003 600 4035 censorum
613 4001 731 4047 mentem,
744 4002 773 4038 ut
816 3995 890 4053 nisse,
911 3986 954 4059 qui
974 3999 1113 4046 servitutem
1133 3999 1273 4056 servissent,
1297 4009 1324 4045 et

250 4067 292 4114 'in
305 4081 345 4134 ens
356 4080 408 4116 non
420 4065 612 4124 admitterentur,
624 4067 671 4112 nisi
683 4067 772 4115 ditissi-
817 4073 905 4135 quibus
918 4074 972 4120 telis
989 4072 1054 4122 filius
1068 4076 1154 4126 talisve
1169 4077 1257 4139 predis
1270 4091 1322 4124 nou

265 4141 399 4207 miquique
408 4157 440 4187 ex
450 4142 686 4190 libertinis—Hoc
698 4161 772 4207 ,quum
816 4162 901 4200 essent.
928 4155 985 4199 Herc
1007 4153 1083 4201 rlienu
1105 4165 1161 4202 sunt
1183 4173 1197 4202 ιι
1220 4153 1323 4202 consilio
