2976 4712
256 402 327 485 404
665 399 918 466 acirone

254 521 357 594 blicis
372 546 409 592 se
423 520 662 605 abstinuerat,
678 519 827 590 venitin
845 519 997 597 curiam,
1013 531 1049 587 et
1065 517 1241 586 sententia
1256 541 1315 586 sua

254 632 390 716 tenuit,
405 644 446 700 ut
461 628 497 698 id
510 626 646 724 Pyrrho
664 643 867 724 negaretur.
889 629 953 695 Cn.
973 622 1175 695 Domitius⁵
1192 651 1316 696 censor

256 740 394 837 primus
406 763 450 809 ex
470 736 576 835 plebe
593 737 746 808 lustrum
765 735 937 807 condidit.
960 739 1075 807 Censa
1089 751 1174 806 sunt
1189 737 1315 806 civium

254 853 372 946 capita
398 831 553 919 ducenta
574 849 802 945 septuaginta
826 861 910 916 octo
933 846 1062 930 millia,
1089 845 1245 916 ducenta
1264 847 1315 914 vi·

257 960 345 1055 giuti
357 957 442 1027 duo.
458 961 592 1026 Iterum
607 956 775 1026 adversus
789 953 966 1050 Pyrrhum
984 954 1098 1030 dubio
1112 970 1244 1025 eventu
1259 955 1316 1052 pu-

257 1083 403 1167 gnatum
424 1081 486 1137 est.
512 1070 604 1136 Cum
630 1064 982 1162 Carthaginiensibus
1004 1078 1173 1161 quartum
1200 1062 1316 1133 foedus

257 1192 470 1248 renovatum
488 1172 573 1247 est⁶.
594 1177 715 1264 Quum
732 1180 770 1246 C.
790 1174 951 1247 Fabricio
970 1174 1110 1246 consuli
1125 1177 1174 1261 is,
1194 1177 1257 1272 qui
1274 1172 1316 1244 ad

257 1313 340 1359 eum
360 1285 533 1383 aPyrrho
547 1284 821 1381 transfugerat7,
842 1285 1089 1382 polliceretur,
1110 1310 1147 1355 se
1167 1287 1242 1382 regi
1258 1310 1317 1355 ve-

254 1423 393 1469 nenum
409 1397 598 1483 daturum,
617 1421 700 1466 cum
716 1395 849 1467 indicio
867 1395 912 1465 ad
929 1420 1050 1492 regem
1069 1396 1238 1466 remissus
1254 1410 1314 1465 est.

257 1512 326 1579 Res
346 1521 516 1604 praeterea
536 1521 661 1578 contra
680 1509 866 1592 Etruscos,
887 1510 1070 1592 Lucanos,
1091 1507 1266 1590 Bruttios,
1284 1520 1317 1575 et

250 1618 431 1690 Samnites
449 1639 622 1713 prospere
640 1630 754 1713 gestas
775 1615 944 1686 continet.
1279 1612 1282 1618 ’

522 1854 751 1922 EPlTOME
783 1855 926 1922 LIBRI
958 1849 1059 1924 xlv.

255 2041 260 2046 ¹
302 2054 462 2150 Pyrrhus
483 2055 520 2124 in
546 2053 697 2124 Siciliam
718 2055 867 2146 trajecit.
886 2056 1009 2143 Quum
1034 2056 1126 2123 inter
1148 2049 1216 2122 alia
1235 2077 1318 2148 pro·

257 2165 351 2260 digia
378 2162 528 2237 fulmine
558 2163 738 2258 dejectum
767 2179 860 2234 esset
884 2165 922 2232 in
948 2163 1126 2260 Capitolio
1150 2164 1247 2235 Jovis
1274 2166 1317 2234 si-

156 2274 158 2283 ’
258 2285 414 2372 gnum¹,'
435 2289 542 2370 caput
566 2273 641 2368 ejus
664 2299 729 2370 per
750 2274 929 2370 aruspices
951 2273 1139 2344 inventum
1159 2288 1224 2344 est.
1246 2277 1318 2344 Cu-

258 2388 332 2455 rius
361 2389 560 2465 Dentatus,
587 2407 701 2479 quum
729 2381 910 2453 delectum
937 2380 1105 2468 haberet,
1135 2383 1231 2476 ejus,
1257 2384 1319 2479 qui

260 2496 388 2565 citatus
400 2518 475 2564 non
489 2491 743 2590 responderat,
761 2491 860 2562 buna
874 2493 1011 2590 primus
1024 2492 1217 2562 vendidit².
1234 2498 1318 2589 Pyr·

258 2603 367 2674 rhum
389 2603 519 2672 iterum
539 2627 583 2672 ex
603 2602 720 2672 Sicilia
744 2599 780 2671 in
804 2601 939 2672 ltaliam
960 2626 1144 2672 reversum
1161 2604 1261 2688 vicit,
1284 2618 1320 2674 et

261 2712 360 2784 Italia
374 2711 522 2810 expulit.
538 2711 718 2783 Fabricius
732 2735 859 2783 censor
873 2716 908 2781 P.
925 2703 1133 2782 Cornelium
1148 2711 1318 2783 Rufinum

261 2824 485 2895 consularem
512 2838 637 2893 senatu
660 2823 792 2908 movit,
814 2821 915 2917 quod
933 2822 961 2890 is
979 2820 1104 2892 decern
1123 2821 1246 2918 pondo
1265 2848 1318 2892 ar·
1350 2843 1352 2845 ·

259 3045 304 3093 sim
323 3045 457 3103 valetudo,
472 3059 597 3107 nunquam
614 3059 685 3100 vero,
700 3041 768 3104 quod
814 3039 935 3106 Capitolio
949 3040 1015 3088 lovis
1026 3040 1129 3105 siguum.
1147 3040 1226 3105 llyck.
1234 3041 1266 3088 de
1274 3041 1320 3089 Cn·

260 3124 409 3172 meminerim
419 3123 556 3171 invaletudo
562 3136 609 3185 pro
616 3120 703 3168 morbo
710 3135 768 3167 usus
812 3121 859 3183 pit.
871 3136 925 3183 cap.
937 3120 977 3178 15,
989 3119 1097 3168 eamdem
1112 3131 1184 3184 putat
1194 3121 1320 3167 historiam

259 3207 301 3262 sit,
313 3203 429 3252 credibile
440 3201 468 3252 fit
480 3202 605 3264 vulgatum
615 3200 651 3247 ihi
662 3199 768 3246 retinen·
813 3199 897 3246 referri
909 3215 922 3246 a
937 3199 989 3248 Cic.
1003 3199 1034 3246 de
1048 3200 1105 3248 Div.
1114 3201 1140 3261 1,
1157 3215 1203 3258 ¹03
1222 3201 1260 3258 11,
1280 3215 1319 3262 19.

260 3284 333 3340 dum,
344 3293 368 3330 et
380 3293 503 3331 auctorem
517 3280 625 3343 Epitom.
635 3279 687 3338 ejus
696 3276 769 3325 verba
812 3278 873 3325 Vid.
885 3278 941 3324 vu.
954 3279 1022 3325 Max.
1034 3289 1110 3327 nostr.
1123 3278 1187 3326 Edit.
1200 3279 1270 3327 Tom.
1281 3280 1321 3337 11,

260 3362 393 3418 imitatum,
408 3361 517 3422 adeoque
540 3368 565 3406 et
584 3358 625 3405 hic
647 3367 671 3404 et
692 3356 769 3405 alteru
813 3359 977 3420 Partposter.
989 3373 1044 3421 pag.
1059 3358 1100 3413 46.
1112 3359 1156 3406 Eu.

259 3442 316 3490 loeo
328 3441 438 3488 similiter
451 3437 580 3502 legendum
592 3453 651 3484 esse.
661 3437 707 3484 Eo.
849 3453 872 3484 a.
882 3436 943 3502 Ejus
949 3471 958 3493 ,
976 3436 1019 3501 qui
1031 3436 1120 3484 citatus
1133 3453 1182 3483 ιιοιι
1194 3436 1322 3500 responde-

297 3521 320 3570 5.
338 3519 380 3568 Cn.
392 3517 509 3566 Domitius
520 3533 617 3573 censor,
634 3527 680 3564 etc.
695 3514 767 3564 conr.
812 3527 866 3572 rae,
882 3515 947 3562 bona
954 3516 1049 3581 primus
1060 3515 1186 3573 madida
1198 3516 1321 3564 eontval.

260 3593 328 3664 high.
338 3602 405 3647 Αιιιι.
416 3597 447 3645 ad
455 3613 479 3646 a.
490 3597 549 3656 473.
812 3595 930 3652 manvi,
946 3595 971 3653 3,
982 3593 998 3658 s
1009 3603 1023 3649 t
1034 3611 1041 3655 ;
1051 3595 1096 3642 uhi
1108 3611 1160 3642 non
1169 3594 1247 3642 solum
1255 3594 1321 3642 bone

296 3681 322 3728 6.
336 3678 396 3726 Cum
410 3673 645 3740 Carthaginiensibus
655 3684 769 3737 quartum
814 3673 982 3735 adolescentis,
990 3673 1033 3720 sed
1043 3673 1124 3737 ipsum
1131 3673 1255 3721 venditum
1264 3673 1323 3720 ruts-

253 3758 337 3822 foedns
347 3775 367 3806 r.
378 3768 430 3813 est,·
439 3756 505 3803 coni.
516 3753 604 3818 Polyb.
615 3756 664 3810 111,
677 3755 712 3801 25
721 3770 728 3815 ;
745 3764 770 3800 et
815 3759 840 3800 se'
851 3752 935 3802 addit:
952 3753 1064 3800 videatur
1073 3764 1098 3802 et
1107 3753 1172 3817 Lips.
1183 3752 1238 3800 Mil.
1247 3753 1321 3800 Rom.

261 3837 291 3883 ad
302 3837 424 3892 niatu,
439 3850 482 3895 27,
495 3851 520 3881 ιι.
532 3849 556 3882 a.
813 3834 841 3887 Ι,
855 3839 879 3886 4.
901 3858 934 3868 -
950 3834 1041 3878 Iterum
1055 3847 1172 3878 reversum
1183 3847 1230 3894 pro
1241 3830 1322 3893 simpl.

298 3933 321 3974 7.
334 3913 383 3978 Qui
391 3913 490 3961 adeum
502 3930 519 3959 a
530 3909 623 3973 Pyrrho
633 3910 768 3976 transfige·
813 3926 939 3968 reversum.
953 3911 1024 3959 Conf.
1038 3910 1070 3957 ad
1083 3911 1135 3959 Liv.
1144 3912 1181 3966 11,
1195 3911 1237 3966 45,
1248 3926 1273 3956 ιι.
1283 3926 1322 3956 ιο.

261 4003 310 4048 rut,
329 4008 401 4055 quem
418 3991 460 4040 alii
472 3989 655 4050 Timocharem,
670 3989 712 4036 alii
725 3990 768 4036 Ni·
812 3989 877 4037 Cave
892 3990 980 4052 jungas
998 3989 1084 4038 iterum
1099 3989 1177 4037 vicit:
1190 4005 1248 4036 nam
1266 3991 1323 4052 Pyr-

260 4070 322 4116 ciam
335 4069 469 4134 appellant.
484 4069 556 4119 eous.
568 4069 630 4116 Gell.
640 4070 692 4127 111,
707 4067 741 4115 8.'
813 4068 883 4116 rhum
896 4068 934 4116 bis
945 4085 958 4116 a
969 4069 1048 4118 Curio.
1059 4069 1164 4128 victum,
1182 4083 1254 4116 nemo
1263 4083 1323 4131 pro·

296 4149 365 4196 Errr.
378 4147 447 4194 xlv.
461 4162 481 4194 1.
493 4146 603 4193 Fulmine
615 4146 732 4210 dejectum
743 4146 768 4196 in
814 4145 893 4204 didit;
906 4147 970 4195 nuk.
