<?xml version="1.0" encoding="UTF-8"?>
<!DOCTYPE html PUBLIC "-//W3C//DTD XHTML 1.0 Transitional//EN"
    "http://www.w3.org/TR/xhtml1/DTD/xhtml1-transitional.dtd">
<html xmlns="http://www.w3.org/1999/xhtml" xml:lang="en" lang="en">
 <head>
  <title>
</title>
<meta http-equiv="Content-Type" content="text/html;charset=utf-8" />
  <meta name='ocr-system' content='tesseract 3.04.00' />
  <meta name='ocr-capabilities' content='ocr_page ocr_carea ocr_par ocr_line ocrx_word'/>
</head>
<body>
  <div class='ocr_page' id='page_1' title='image "./titusliviuspata02freigoog_0138.png"; bbox 0 0 2982 4702; ppageno 0'>
   <div class='ocr_carea' id='block_1_1' title="bbox 222 361 1266 480">
    <p class='ocr_par' dir='ltr' id='par_1_1' title="bbox 222 361 1266 480">
     <span class='ocr_line' id='line_1_1' title="bbox 222 361 1266 480; baseline 0.005 -32"><span class='ocrx_word' id='word_1_1' title='bbox 222 361 347 462; x_wconf 51' lang='lat'><strong>33:333:</strong></span> <span class='ocrx_word' id='word_1_2' title='bbox 439 381 592 449; x_wconf 77' lang='lat' dir='ltr'><strong>arran</strong></span> <span class='ocrx_word' id='word_1_3' title='bbox 622 381 763 448; x_wconf 79' lang='lat' dir='ltr'><strong>xmn.</strong></span> <span class='ocrx_word' id='word_1_4' title='bbox 792 380 1035 450; x_wconf 74' lang='lat' dir='ltr'><strong>sarasan.</strong></span> <span class='ocrx_word' id='word_1_5' title='bbox 1200 408 1266 480; x_wconf 61' lang='grc' dir='ltr'><strong>ηρ</strong></span> 
     </span>
    </p>
   </div>
   <div class='ocr_carea' id='block_1_2' title="bbox 121 499 1355 4146">
    <p class='ocr_par' dir='ltr' id='par_1_2' title="bbox 121 499 1355 4146">
     <span class='ocr_line' id='line_1_2' title="bbox 166 499 1265 590; baseline 0.005 -25"><span class='ocrx_word' id='word_1_6' title='bbox 166 533 168 544; x_wconf 53' lang='lat'><strong><em>⁴</em></strong></span> <span class='ocrx_word' id='word_1_7' title='bbox 196 518 254 568; x_wconf 89' lang='lat' dir='ltr'><strong>set.</strong></span> <span class='ocrx_word' id='word_1_8' title='bbox 278 503 347 568; x_wconf 89' lang='lat' dir='ltr'><strong>Nec</strong></span> <span class='ocrx_word' id='word_1_9' title='bbox 368 522 445 566; x_wconf 87' lang='lat' dir='ltr'><strong>vero</strong></span> <span class='ocrx_word' id='word_1_10' title='bbox 468 501 538 588; x_wconf 89' lang='lat' dir='ltr'><strong>ipse</strong></span> <span class='ocrx_word' id='word_1_11' title='bbox 560 500 622 564; x_wconf 90' lang='lat' dir='ltr'><strong>sibi</strong></span> <span class='ocrx_word' id='word_1_12' title='bbox 641 501 739 590; x_wconf 86' lang='lat' dir='ltr'><strong>Cotys</strong></span> <span class='ocrx_word' id='word_1_13' title='bbox 764 499 887 582; x_wconf 85' lang='lat' dir='ltr'><strong>defuit,</strong></span> <span class='ocrx_word' id='word_1_14' title='bbox 912 502 970 576; x_wconf 57' lang='lat' dir='ltr'><strong>vir,</strong></span> <span class='ocrx_word' id='word_1_15' title='bbox 983 502 1069 566; x_wconf 88' lang='lat' dir='ltr'><strong>bello</strong></span> <span class='ocrx_word' id='word_1_16' title='bbox 1094 519 1265 588; x_wconf 88' lang='lat' dir='ltr'><strong>strenuus,</strong></span> 
     </span>
     <span class='ocr_line' id='line_1_3' title="bbox 195 595 1266 692; baseline 0.007 -25"><span class='ocrx_word' id='word_1_17' title='bbox 195 603 330 667; x_wconf 88' lang='lat' dir='ltr'><strong>consilio</strong></span> <span class='ocrx_word' id='word_1_18' title='bbox 349 617 520 692; x_wconf 84' lang='lat' dir='ltr'><strong>praestans,</strong></span> <span class='ocrx_word' id='word_1_19' title='bbox 541 602 650 666; x_wconf 81' lang='lat' dir='ltr'><strong>Thrax</strong></span> <span class='ocrx_word' id='word_1_20' title='bbox 666 624 785 692; x_wconf 81' lang='lat' dir='ltr'>genere</span> <span class='ocrx_word' id='word_1_21' title='bbox 802 604 889 685; x_wconf 90' lang='lat' dir='ltr'><strong>solo,</strong></span> <span class='ocrx_word' id='word_1_22' title='bbox 912 625 980 668; x_wconf 92' lang='lat' dir='ltr'><strong>non</strong></span> <span class='ocrx_word' id='word_1_23' title='bbox 1002 595 1160 670; x_wconf 90' lang='lat' dir='ltr'><strong>moribus.</strong></span> <span class='ocrx_word' id='word_1_24' title='bbox 1181 607 1266 674; x_wconf 90' lang='lat' dir='ltr'><strong>Nam</strong></span> 
     </span>
     <span class='ocr_line' id='line_1_4' title="bbox 196 703 1266 794; baseline 0.007 -28"><span class='ocrx_word' id='word_1_25' title='bbox 196 720 228 768; x_wconf 89' lang='lat' dir='ltr'><strong>et</strong></span> <span class='ocrx_word' id='word_1_26' title='bbox 241 703 345 768; x_wconf 81' lang='lat' dir='ltr'><strong>unicoe</strong></span> <span class='ocrx_word' id='word_1_27' title='bbox 362 703 542 768; x_wconf 84' lang='lat' dir='ltr'><strong>sobrietatis</strong></span> <span class='ocrx_word' id='word_1_28' title='bbox 558 726 595 768; x_wconf 91' lang='lat' dir='ltr'><strong>ac</strong></span> <span class='ocrx_word' id='word_1_29' title='bbox 608 703 829 792; x_wconf 72' lang='lat' dir='ltr'><strong>temperantia</strong></span> <span class='ocrx_word' id='word_1_30' title='bbox 845 704 928 784; x_wconf 79' lang='lat' dir='ltr'><strong>brit,</strong></span> <span class='ocrx_word' id='word_1_31' title='bbox 951 704 1107 794; x_wconf 86' lang='lat' dir='ltr'><strong>idemque</strong></span> <span class='ocrx_word' id='word_1_32' title='bbox 1123 709 1266 784; x_wconf 86' lang='lat' dir='ltr'><strong>clemen·</strong></span> 
     </span>
     <span class='ocr_line' id='line_1_5' title="bbox 197 803 1266 892; baseline 0.008 -24"><span class='ocrx_word' id='word_1_33' title='bbox 197 804 240 868; x_wconf 92' lang='lat' dir='ltr'><strong>tia</strong></span> <span class='ocrx_word' id='word_1_34' title='bbox 264 821 298 869; x_wconf 90' lang='lat' dir='ltr'><strong>et</strong></span> <span class='ocrx_word' id='word_1_35' title='bbox 322 803 546 870; x_wconf 80' lang='lat' dir='ltr'><strong>moderatione</strong></span> <span class='ocrx_word' id='word_1_36' title='bbox 574 804 674 870; x_wconf 88' lang='lat' dir='ltr'><strong>animi</strong></span> <span class='ocrx_word' id='word_1_37' title='bbox 697 806 794 892; x_wconf 91' lang='lat' dir='ltr'><strong>plane</strong></span> <span class='ocrx_word' id='word_1_38' title='bbox 818 806 973 871; x_wconf 87' lang='lat' dir='ltr'><strong>amabilis.</strong></span> <span class='ocrx_word' id='word_1_39' title='bbox 1002 810 1126 874; x_wconf 89' lang='lat' dir='ltr'><strong>Cuncta</strong></span> <span class='ocrx_word' id='word_1_40' title='bbox 1149 810 1266 876; x_wconf 92' lang='lat' dir='ltr'><strong>Perseo</strong></span> 
     </span>
     <span class='ocr_line' id='line_1_6' title="bbox 196 904 1267 998; baseline 0.008 -29"><span class='ocrx_word' id='word_1_41' title='bbox 196 928 237 970; x_wconf 83' lang='lat' dir='ltr'><strong>ex</strong></span> <span class='ocrx_word' id='word_1_42' title='bbox 258 922 336 971; x_wconf 87' lang='lat' dir='ltr'><strong>voto</strong></span> <span class='ocrx_word' id='word_1_43' title='bbox 360 904 514 972; x_wconf 88' lang='lat' dir='ltr'><strong>fluebant.</strong></span> <span class='ocrx_word' id='word_1_44' title='bbox 538 907 623 972; x_wconf 90' lang='lat' dir='ltr'><strong>Nam</strong></span> <span class='ocrx_word' id='word_1_45' title='bbox 643 922 677 970; x_wconf 88' lang='lat' dir='ltr'><strong>et</strong></span> <span class='ocrx_word' id='word_1_46' title='bbox 701 921 781 970; x_wconf 90' lang='lat' dir='ltr'><strong>tunc</strong></span> <span class='ocrx_word' id='word_1_47' title='bbox 803 907 1013 996; x_wconf 84' lang='lat' dir='ltr'><strong>Epirotarum</strong></span> <span class='ocrx_word' id='word_1_48' title='bbox 1039 931 1118 998; x_wconf 85' lang='lat' dir='ltr'><strong>gens</strong></span> <span class='ocrx_word' id='word_1_49' title='bbox 1139 911 1174 974; x_wconf 90' lang='lat' dir='ltr'><strong>iu</strong></span> <span class='ocrx_word' id='word_1_50' title='bbox 1197 913 1267 994; x_wconf 85' lang='lat' dir='ltr'><strong>ejus</strong></span> 
     </span>
     <span class='ocr_line' id='line_1_7' title="bbox 194 1007 1265 1096; baseline 0.007 -24"><span class='ocrx_word' id='word_1_51' title='bbox 194 1024 302 1096; x_wconf 88' lang='lat' dir='ltr'><strong>partes</strong></span> <span class='ocrx_word' id='word_1_52' title='bbox 319 1008 463 1090; x_wconf 90' lang='lat' dir='ltr'><strong>transiit,</strong></span> <span class='ocrx_word' id='word_1_53' title='bbox 478 1024 611 1072; x_wconf 87' lang='lat' dir='ltr'><strong>auctore</strong></span> <span class='ocrx_word' id='word_1_54' title='bbox 627 1007 791 1096; x_wconf 79' lang='lat' dir='ltr'><strong>Cephalo,</strong></span> <span class='ocrx_word' id='word_1_55' title='bbox 813 1031 912 1095; x_wconf 91' lang='lat' dir='ltr'><strong>quem</strong></span> <span class='ocrx_word' id='word_1_56' title='bbox 928 1023 1037 1073; x_wconf 90' lang='lat' dir='ltr'><strong>tamen</strong></span> <span class='ocrx_word' id='word_1_57' title='bbox 1050 1010 1092 1074; x_wconf 93' lang='lat' dir='ltr'><strong>ad</strong></span> <span class='ocrx_word' id='word_1_58' title='bbox 1108 1009 1265 1079; x_wconf 86' lang='lat' dir='ltr'><strong>defectio-</strong></span> 
     </span>
     <span class='ocr_line' id='line_1_8' title="bbox 194 1110 1265 1204; baseline 0.006 -32"><span class='ocrx_word' id='word_1_59' title='bbox 194 1131 272 1174; x_wconf 88' lang='lat' dir='ltr'><strong>nem</strong></span> <span class='ocrx_word' id='word_1_60' title='bbox 290 1111 463 1174; x_wconf 77' lang='lat' dir='ltr'><strong>necessitas</strong></span> <span class='ocrx_word' id='word_1_61' title='bbox 479 1110 581 1200; x_wconf 85' lang='lat' dir='ltr'><strong>magis</strong></span> <span class='ocrx_word' id='word_1_62' title='bbox 601 1110 775 1199; x_wconf 89' lang='lat' dir='ltr'><strong>compulit,</strong></span> <span class='ocrx_word' id='word_1_63' title='bbox 792 1132 891 1197; x_wconf 90' lang='lat' dir='ltr'><strong>quam</strong></span> <span class='ocrx_word' id='word_1_64' title='bbox 905 1111 1068 1177; x_wconf 88' lang='lat' dir='ltr'><strong>voluntas.</strong></span> <span class='ocrx_word' id='word_1_65' title='bbox 1083 1111 1133 1195; x_wconf 91' lang='lat' dir='ltr'><strong>Is,</strong></span> <span class='ocrx_word' id='word_1_66' title='bbox 1152 1113 1265 1204; x_wconf 86' lang='lat' dir='ltr'><strong>singu·</strong></span> 
     </span>
     <span class='ocr_line' id='line_1_9' title="bbox 193 1210 1265 1304; baseline 0.007 -30"><span class='ocrx_word' id='word_1_67' title='bbox 193 1211 253 1275; x_wconf 92' lang='lat' dir='ltr'><strong>lari</strong></span> <span class='ocrx_word' id='word_1_68' title='bbox 268 1210 445 1300; x_wconf 89' lang='lat' dir='ltr'><strong>prudentia</strong></span> <span class='ocrx_word' id='word_1_69' title='bbox 464 1228 497 1276; x_wconf 91' lang='lat' dir='ltr'><strong>et</strong></span> <span class='ocrx_word' id='word_1_70' title='bbox 514 1211 697 1276; x_wconf 88' lang='lat' dir='ltr'><strong>constantia</strong></span> <span class='ocrx_word' id='word_1_71' title='bbox 711 1211 882 1300; x_wconf 85' lang='lat' dir='ltr'><strong>praeditus,</strong></span> <span class='ocrx_word' id='word_1_72' title='bbox 904 1227 976 1276; x_wconf 90' lang='lat' dir='ltr'><strong>tum</strong></span> <span class='ocrx_word' id='word_1_73' title='bbox 992 1235 1125 1301; x_wconf 91' lang='lat' dir='ltr'><strong>quoque</strong></span> <span class='ocrx_word' id='word_1_74' title='bbox 1141 1217 1265 1304; x_wconf 90' lang='lat' dir='ltr'><strong>optima</strong></span> 
     </span>
     <span class='ocr_line' id='line_1_10' title="bbox 159 1313 1265 1402; baseline 0.005 -26"><span class='ocrx_word' id='word_1_75' title='bbox 159 1367 161 1371; x_wconf 95' lang='lat'><strong>.</strong></span> <span class='ocrx_word' id='word_1_76' title='bbox 195 1329 305 1378; x_wconf 87' lang='lat' dir='ltr'><strong>mente</strong></span> <span class='ocrx_word' id='word_1_77' title='bbox 319 1329 397 1378; x_wconf 91' lang='lat' dir='ltr'><strong>erat.</strong></span> <span class='ocrx_word' id='word_1_78' title='bbox 410 1313 497 1377; x_wconf 86' lang='lat' dir='ltr'><strong>Deos</strong></span> <span class='ocrx_word' id='word_1_79' title='bbox 513 1313 600 1378; x_wconf 86' lang='lat' dir='ltr'><strong>enim</strong></span> <span class='ocrx_word' id='word_1_80' title='bbox 616 1313 814 1378; x_wconf 87' lang='lat' dir='ltr'><strong>immortales</strong></span> <span class='ocrx_word' id='word_1_81' title='bbox 830 1328 980 1402; x_wconf 87' lang='lat' dir='ltr'><strong>precatus</strong></span> <span class='ocrx_word' id='word_1_82' title='bbox 993 1314 1118 1390; x_wconf 80' lang='lat' dir='ltr'><strong>fuerat,</strong></span> <span class='ocrx_word' id='word_1_83' title='bbox 1140 1330 1178 1378; x_wconf 91' lang='lat' dir='ltr'><strong>ut</strong></span> <span class='ocrx_word' id='word_1_84' title='bbox 1194 1316 1265 1381; x_wconf 93' lang='lat' dir='ltr'><strong>bel-</strong></span> 
     </span>
     <span class='ocr_line' id='line_1_11' title="bbox 192 1413 1265 1499; baseline 0.006 -21"><span class='ocrx_word' id='word_1_85' title='bbox 192 1415 262 1478; x_wconf 89' lang='lat' dir='ltr'><strong>lum</strong></span> <span class='ocrx_word' id='word_1_86' title='bbox 291 1416 377 1479; x_wconf 91' lang='lat' dir='ltr'><strong>iuter</strong></span> <span class='ocrx_word' id='word_1_87' title='bbox 403 1417 569 1481; x_wconf 86' lang='lat' dir='ltr'><strong>Romanos</strong></span> <span class='ocrx_word' id='word_1_88' title='bbox 596 1432 629 1480; x_wconf 91' lang='lat' dir='ltr'><strong>et</strong></span> <span class='ocrx_word' id='word_1_89' title='bbox 657 1416 773 1480; x_wconf 87' lang='lat' dir='ltr'><strong>Persea</strong></span> <span class='ocrx_word' id='word_1_90' title='bbox 800 1438 842 1480; x_wconf 89' lang='lat' dir='ltr'><strong>ne</strong></span> <span class='ocrx_word' id='word_1_91' title='bbox 870 1413 1085 1499; x_wconf 87' lang='lat' dir='ltr'><strong>conflaretur,</strong></span> <span class='ocrx_word' id='word_1_92' title='bbox 1110 1438 1193 1482; x_wconf 86' lang='lat' dir='ltr'><strong>neve</strong></span> <span class='ocrx_word' id='word_1_93' title='bbox 1223 1418 1265 1484; x_wconf 93' lang='lat' dir='ltr'><strong>de</strong></span> 
     </span>
     <span class='ocr_line' id='line_1_12' title="bbox 193 1515 1264 1584; baseline 0.004 -4"><span class='ocrx_word' id='word_1_94' title='bbox 193 1537 321 1580; x_wconf 90' lang='lat' dir='ltr'><strong>summa</strong></span> <span class='ocrx_word' id='word_1_95' title='bbox 338 1539 450 1581; x_wconf 90' lang='lat' dir='ltr'><strong>rerum</strong></span> <span class='ocrx_word' id='word_1_96' title='bbox 473 1515 715 1582; x_wconf 88' lang='lat' dir='ltr'><strong>decerneretur.</strong></span> <span class='ocrx_word' id='word_1_97' title='bbox 736 1520 779 1582; x_wconf 86' lang='lat' dir='ltr'><strong>At</strong></span> <span class='ocrx_word' id='word_1_98' title='bbox 802 1533 914 1581; x_wconf 84' lang='lat' dir='ltr'><strong>exorto</strong></span> <span class='ocrx_word' id='word_1_99' title='bbox 936 1518 1023 1582; x_wconf 91' lang='lat' dir='ltr'><strong>bello</strong></span> <span class='ocrx_word' id='word_1_100' title='bbox 1045 1535 1201 1584; x_wconf 86' lang='lat' dir='ltr'><strong>statuerat</strong></span> <span class='ocrx_word' id='word_1_101' title='bbox 1221 1520 1264 1584; x_wconf 79' lang='lat' dir='ltr'><strong>¹en</strong></span> 
     </span>
     <span class='ocr_line' id='line_1_13' title="bbox 192 1617 1321 1716; baseline 0.002 -34"><span class='ocrx_word' id='word_1_102' title='bbox 192 1617 320 1685; x_wconf 81' lang='lat' dir='ltr'><strong>foederis</strong></span> <span class='ocrx_word' id='word_1_103' title='bbox 337 1618 526 1707; x_wconf 79' lang='lat' dir='ltr'><strong>praescripto</strong></span> <span class='ocrx_word' id='word_1_104' title='bbox 541 1618 707 1680; x_wconf 88' lang='lat' dir='ltr'><strong>Romanos</strong></span> <span class='ocrx_word' id='word_1_105' title='bbox 720 1617 852 1696; x_wconf 88' lang='lat' dir='ltr'><strong>juvare:</strong></span> <span class='ocrx_word' id='word_1_106' title='bbox 873 1634 991 1704; x_wconf 78' lang='lat' dir='ltr'><strong>praeter</strong></span> <span class='ocrx_word' id='word_1_107' title='bbox 1008 1618 1137 1684; x_wconf 87' lang='lat' dir='ltr'><strong>foederis</strong></span> <span class='ocrx_word' id='word_1_108' title='bbox 1152 1634 1264 1716; x_wconf 86' lang='lat' dir='ltr'><strong>autem</strong></span> <span class='ocrx_word' id='word_1_109' title='bbox 1320 1622 1321 1626; x_wconf 69' lang='grc'>’</span> 
     </span>
     <span class='ocr_line' id='line_1_14' title="bbox 190 1717 1265 1811; baseline 0.001 -27"><span class='ocrx_word' id='word_1_110' title='bbox 190 1721 278 1811; x_wconf 85' lang='lat' dir='ltr'><strong>leges</strong></span> <span class='ocrx_word' id='word_1_111' title='bbox 294 1721 380 1800; x_wconf 81' lang='lat' dir='ltr'><strong>nihil</strong></span> <span class='ocrx_word' id='word_1_112' title='bbox 389 1720 476 1784; x_wconf 89' lang='lat' dir='ltr'><strong>ultro</strong></span> <span class='ocrx_word' id='word_1_113' title='bbox 490 1719 610 1800; x_wconf 86' lang='lat' dir='ltr'><strong>facere,</strong></span> <span class='ocrx_word' id='word_1_114' title='bbox 625 1739 733 1804; x_wconf 89' lang='lat' dir='ltr'><strong>neque</strong></span> <span class='ocrx_word' id='word_1_115' title='bbox 747 1717 885 1805; x_wconf 89' lang='lat' dir='ltr'><strong>obsequi</strong></span> <span class='ocrx_word' id='word_1_116' title='bbox 899 1718 1053 1784; x_wconf 86' lang='lat' dir='ltr'><strong>indecore</strong></span> <span class='ocrx_word' id='word_1_117' title='bbox 1069 1735 1102 1784; x_wconf 93' lang='lat' dir='ltr'><strong>et</strong></span> <span class='ocrx_word' id='word_1_118' title='bbox 1116 1721 1265 1809; x_wconf 67' lang='lat' dir='ltr'><strong>turpiter,</strong></span> 
     </span>
     <span class='ocr_line' id='line_1_15' title="bbox 191 1818 1265 1913; baseline 0 -25"><span class='ocrx_word' id='word_1_119' title='bbox 191 1823 348 1892; x_wconf 84' lang='lat' dir='ltr'><strong>Turbavit</strong></span> <span class='ocrx_word' id='word_1_120' title='bbox 364 1822 433 1886; x_wconf 89' lang='lat' dir='ltr'><strong>haec</strong></span> <span class='ocrx_word' id='word_1_121' title='bbox 449 1818 585 1900; x_wconf 81' lang='lat' dir='ltr'><strong>consilia</strong></span> <span class='ocrx_word' id='word_1_122' title='bbox 601 1820 769 1908; x_wconf 89' lang='lat' dir='ltr'><strong>Charopus</strong></span> <span class='ocrx_word' id='word_1_123' title='bbox 787 1819 935 1908; x_wconf 85' lang='lat' dir='ltr'><strong>quidam,</strong></span> <span class='ocrx_word' id='word_1_124' title='bbox 955 1822 1023 1902; x_wconf 91' lang='lat' dir='ltr'><strong>ejus</strong></span> <span class='ocrx_word' id='word_1_125' title='bbox 1035 1822 1196 1912; x_wconf 72' lang='lat' dir='ltr'><strong>Charopi,</strong></span> <span class='ocrx_word' id='word_1_126' title='bbox 1207 1825 1265 1913; x_wconf 94' lang='lat' dir='ltr'><strong>qui</strong></span> 
     </span>
     <span class='ocr_line' id='line_1_16' title="bbox 191 1921 1265 2012; baseline 0.003 -25"><span class='ocrx_word' id='word_1_127' title='bbox 191 1923 364 1988; x_wconf 86' lang='lat' dir='ltr'><strong>saltumad</strong></span> <span class='ocrx_word' id='word_1_128' title='bbox 380 1923 488 1988; x_wconf 91' lang='lat' dir='ltr'><strong>Aoum</strong></span> <span class='ocrx_word' id='word_1_129' title='bbox 504 1943 633 1986; x_wconf 90' lang='lat' dir='ltr'><strong>amnem</strong></span> <span class='ocrx_word' id='word_1_130' title='bbox 648 1921 687 1985; x_wconf 89' lang='grc' dir='ltr'><strong>Τ.</strong></span> <span class='ocrx_word' id='word_1_131' title='bbox 703 1921 843 2003; x_wconf 89' lang='lat' dir='ltr'><strong>Quintio</strong></span> <span class='ocrx_word' id='word_1_132' title='bbox 861 1938 974 1986; x_wconf 89' lang='lat' dir='ltr'><strong>contra</strong></span> <span class='ocrx_word' id='word_1_133' title='bbox 991 1923 1179 2012; x_wconf 86' lang='lat' dir='ltr'><strong>Philippum</strong></span> <span class='ocrx_word' id='word_1_134' title='bbox 1190 1926 1265 1990; x_wconf 88' lang='lat' dir='ltr'><strong>bel-</strong></span> 
     </span>
     <span class='ocr_line' id='line_1_17' title="bbox 189 2022 1263 2115; baseline 0.003 -26"><span class='ocrx_word' id='word_1_135' title='bbox 189 2025 269 2090; x_wconf 88' lang='lat' dir='ltr'><strong>lanti</strong></span> <span class='ocrx_word' id='word_1_136' title='bbox 283 2040 470 2115; x_wconf 85' lang='lat' dir='ltr'><strong>aperuerat,</strong></span> <span class='ocrx_word' id='word_1_137' title='bbox 488 2045 604 2112; x_wconf 90' lang='lat' dir='ltr'><strong>nepos,</strong></span> <span class='ocrx_word' id='word_1_138' title='bbox 619 2022 689 2086; x_wconf 88' lang='lat' dir='ltr'><strong>vilis</strong></span> <span class='ocrx_word' id='word_1_139' title='bbox 705 2023 929 2112; x_wconf 88' lang='lat' dir='ltr'><strong>potentiorum</strong></span> <span class='ocrx_word' id='word_1_140' title='bbox 943 2025 1136 2108; x_wconf 82' lang='lat' dir='ltr'><strong>assentator,</strong></span> <span class='ocrx_word' id='word_1_141' title='bbox 1154 2043 1187 2090; x_wconf 89' lang='lat' dir='ltr'><strong>et</strong></span> <span class='ocrx_word' id='word_1_142' title='bbox 1201 2029 1263 2092; x_wconf 89' lang='lat' dir='ltr'><strong>mi·</strong></span> 
     </span>
     <span class='ocr_line' id='line_1_18' title="bbox 189 2125 1266 2214; baseline 0.004 -24"><span class='ocrx_word' id='word_1_143' title='bbox 189 2149 246 2190; x_wconf 89' lang='lat' dir='ltr'><strong>rus</strong></span> <span class='ocrx_word' id='word_1_144' title='bbox 263 2125 498 2190; x_wconf 87' lang='lat' dir='ltr'><strong>calumniarum</strong></span> <span class='ocrx_word' id='word_1_145' title='bbox 515 2125 551 2187; x_wconf 90' lang='lat' dir='ltr'><strong>iu</strong></span> <span class='ocrx_word' id='word_1_146' title='bbox 567 2125 729 2212; x_wconf 89' lang='lat' dir='ltr'><strong>optimum</strong></span> <span class='ocrx_word' id='word_1_147' title='bbox 743 2147 908 2214; x_wconf 89' lang='lat' dir='ltr'><strong>quemque</strong></span> <span class='ocrx_word' id='word_1_148' title='bbox 922 2127 1046 2192; x_wconf 83' lang='lat' dir='ltr'><strong>artifex.</strong></span> <span class='ocrx_word' id='word_1_149' title='bbox 1059 2128 1172 2192; x_wconf 86' lang='lat' dir='ltr'><strong>Romae</strong></span> <span class='ocrx_word' id='word_1_150' title='bbox 1187 2129 1266 2196; x_wconf 90' lang='lat' dir='ltr'><strong>edu·</strong></span> 
     </span>
     <span class='ocr_line' id='line_1_19' title="bbox 190 2225 1262 2317; baseline 0.004 -26"><span class='ocrx_word' id='word_1_151' title='bbox 190 2243 280 2291; x_wconf 88' lang='lat' dir='ltr'><strong>catus</strong></span> <span class='ocrx_word' id='word_1_152' title='bbox 296 2226 419 2308; x_wconf 87' lang='lat' dir='ltr'><strong>fuerat,</strong></span> <span class='ocrx_word' id='word_1_153' title='bbox 437 2225 554 2289; x_wconf 91' lang='lat' dir='ltr'><strong>missus</strong></span> <span class='ocrx_word' id='word_1_154' title='bbox 573 2225 614 2290; x_wconf 89' lang='lat' dir='ltr'><strong>ab</strong></span> <span class='ocrx_word' id='word_1_155' title='bbox 636 2248 695 2290; x_wconf 87' lang='lat' dir='ltr'><strong>avo</strong></span> <span class='ocrx_word' id='word_1_156' title='bbox 720 2227 755 2289; x_wconf 91' lang='lat' dir='ltr'><strong>in</strong></span> <span class='ocrx_word' id='word_1_157' title='bbox 779 2227 913 2310; x_wconf 89' lang='lat' dir='ltr'><strong>urbem,</strong></span> <span class='ocrx_word' id='word_1_158' title='bbox 932 2243 971 2290; x_wconf 91' lang='lat' dir='ltr'><strong>ut</strong></span> <span class='ocrx_word' id='word_1_159' title='bbox 988 2228 1134 2317; x_wconf 83' lang='lat' dir='ltr'><strong>linguam</strong></span> <span class='ocrx_word' id='word_1_160' title='bbox 1152 2252 1262 2296; x_wconf 88' lang='lat' dir='ltr'><strong>roma·</strong></span> 
     </span>
     <span class='ocr_line' id='line_1_20' title="bbox 189 2323 1312 2419; baseline 0.005 -27"><span class='ocrx_word' id='word_1_161' title='bbox 189 2351 265 2402; x_wconf 85' lang='lat' dir='ltr'><strong>narn</strong></span> <span class='ocrx_word' id='word_1_162' title='bbox 288 2323 461 2414; x_wconf 77' lang='lat' dir='ltr'><strong>literaeque</strong></span> <span class='ocrx_word' id='word_1_163' title='bbox 482 2324 687 2415; x_wconf 87' lang='lat' dir='ltr'><strong>perdisceret.</strong></span> <span class='ocrx_word' id='word_1_164' title='bbox 705 2327 790 2392; x_wconf 89' lang='lat' dir='ltr'><strong>Hinc</strong></span> <span class='ocrx_word' id='word_1_165' title='bbox 809 2344 907 2392; x_wconf 88' lang='lat' dir='ltr'><strong>notus</strong></span> <span class='ocrx_word' id='word_1_166' title='bbox 928 2351 1089 2416; x_wconf 87' lang='lat' dir='ltr'><strong>carusque</strong></span> <span class='ocrx_word' id='word_1_167' title='bbox 1110 2332 1260 2419; x_wconf 90' lang='lat' dir='ltr'><strong>plurimis</strong></span> <span class='ocrx_word' id='word_1_168' title='bbox 1308 2401 1312 2410; x_wconf 60' lang='lat'><strong>,</strong></span> 
     </span>
     <span class='ocr_line' id='line_1_21' title="bbox 188 2427 1261 2516; baseline 0.005 -23"><span class='ocrx_word' id='word_1_169' title='bbox 188 2431 432 2512; x_wconf 86' lang='lat' dir='ltr'><strong>Romanorum,</strong></span> <span class='ocrx_word' id='word_1_170' title='bbox 456 2451 560 2516; x_wconf 90' lang='lat' dir='ltr'><strong>quum</strong></span> <span class='ocrx_word' id='word_1_171' title='bbox 584 2427 768 2492; x_wconf 86' lang='lat' dir='ltr'><strong>revertisset</strong></span> <span class='ocrx_word' id='word_1_172' title='bbox 791 2428 945 2512; x_wconf 90' lang='lat' dir='ltr'><strong>domum,</strong></span> <span class='ocrx_word' id='word_1_173' title='bbox 970 2447 1085 2495; x_wconf 88' lang='lat' dir='ltr'><strong>natura</strong></span> <span class='ocrx_word' id='word_1_174' title='bbox 1107 2432 1204 2515; x_wconf 87' lang='lat' dir='ltr'><strong>levis,</strong></span> <span class='ocrx_word' id='word_1_175' title='bbox 1228 2450 1261 2498; x_wconf 92' lang='lat' dir='ltr'><strong>et</strong></span> 
     </span>
     <span class='ocr_line' id='line_1_22' title="bbox 188 2530 1260 2620; baseline 0.003 -25"><span class='ocrx_word' id='word_1_176' title='bbox 188 2531 321 2620; x_wconf 85' lang='lat' dir='ltr'><strong>ingenio</strong></span> <span class='ocrx_word' id='word_1_177' title='bbox 343 2553 477 2620; x_wconf 88' lang='lat' dir='ltr'><strong>pravus,</strong></span> <span class='ocrx_word' id='word_1_178' title='bbox 498 2553 601 2618; x_wconf 91' lang='lat' dir='ltr'><strong>quum</strong></span> <span class='ocrx_word' id='word_1_179' title='bbox 620 2545 653 2594; x_wconf 91' lang='lat' dir='ltr'><strong>et</strong></span> <span class='ocrx_word' id='word_1_180' title='bbox 671 2549 806 2594; x_wconf 89' lang='lat' dir='ltr'><strong>romana</strong></span> <span class='ocrx_word' id='word_1_181' title='bbox 828 2530 857 2593; x_wconf 91' lang='lat' dir='ltr'><strong>ei</strong></span> <span class='ocrx_word' id='word_1_182' title='bbox 880 2531 1021 2596; x_wconf 88' lang='lat' dir='ltr'><strong>amicitia</strong></span> <span class='ocrx_word' id='word_1_183' title='bbox 1044 2532 1164 2597; x_wconf 86' lang='lat' dir='ltr'><strong>faceret</strong></span> <span class='ocrx_word' id='word_1_184' title='bbox 1188 2535 1260 2598; x_wconf 91' lang='lat' dir='ltr'><strong>ani·</strong></span> 
     </span>
     <span class='ocr_line' id='line_1_23' title="bbox 188 2629 1260 2722; baseline 0.002 -26"><span class='ocrx_word' id='word_1_185' title='bbox 188 2654 276 2715; x_wconf 89' lang='lat' dir='ltr'><strong>mos,</strong></span> <span class='ocrx_word' id='word_1_186' title='bbox 297 2633 459 2722; x_wconf 88' lang='lat' dir='ltr'><strong>principes</strong></span> <span class='ocrx_word' id='word_1_187' title='bbox 473 2632 560 2696; x_wconf 84' lang='lat' dir='ltr'><strong>viros</strong></span> <span class='ocrx_word' id='word_1_188' title='bbox 576 2654 681 2718; x_wconf 91' lang='lat' dir='ltr'><strong>usque</strong></span> <span class='ocrx_word' id='word_1_189' title='bbox 697 2629 872 2694; x_wconf 87' lang='lat' dir='ltr'><strong>allatrabat.</strong></span> <span class='ocrx_word' id='word_1_190' title='bbox 894 2631 957 2696; x_wconf 86' lang='lat' dir='ltr'><strong>Sed</strong></span> <span class='ocrx_word' id='word_1_191' title='bbox 975 2631 1082 2720; x_wconf 93' lang='lat' dir='ltr'><strong>primo</strong></span> <span class='ocrx_word' id='word_1_192' title='bbox 1103 2631 1260 2722; x_wconf 90' lang='lat' dir='ltr'><strong>despicie-</strong></span> 
     </span>
     <span class='ocr_line' id='line_1_24' title="bbox 188 2733 1260 2815; baseline 0 -15"><span class='ocrx_word' id='word_1_193' title='bbox 188 2737 285 2800; x_wconf 93' lang='lat' dir='ltr'><strong>batur</strong></span> <span class='ocrx_word' id='word_1_194' title='bbox 308 2735 348 2799; x_wconf 87' lang='lat' dir='ltr'><strong>ab</strong></span> <span class='ocrx_word' id='word_1_195' title='bbox 374 2734 548 2815; x_wconf 90' lang='lat' dir='ltr'><strong>omnibus,</strong></span> <span class='ocrx_word' id='word_1_196' title='bbox 569 2756 629 2798; x_wconf 91' lang='lat' dir='ltr'><strong>nec</strong></span> <span class='ocrx_word' id='word_1_197' title='bbox 655 2733 720 2796; x_wconf 89' lang='lat' dir='ltr'><strong>ulla</strong></span> <span class='ocrx_word' id='word_1_198' title='bbox 749 2733 817 2812; x_wconf 87' lang='lat' dir='ltr'><strong>ejus</strong></span> <span class='ocrx_word' id='word_1_199' title='bbox 843 2733 927 2798; x_wconf 88' lang='lat' dir='ltr'><strong>ratio</strong></span> <span class='ocrx_word' id='word_1_200' title='bbox 952 2733 1143 2798; x_wconf 90' lang='lat' dir='ltr'><strong>habebatur.</strong></span> <span class='ocrx_word' id='word_1_201' title='bbox 1165 2736 1260 2800; x_wconf 92' lang='lat' dir='ltr'><strong>Post·</strong></span> 
     </span>
     <span class='ocr_line' id='line_1_25' title="bbox 188 2831 1257 2926; baseline 0 -25"><span class='ocrx_word' id='word_1_202' title='bbox 188 2861 286 2926; x_wconf 90' lang='lat' dir='ltr'><strong>quam</strong></span> <span class='ocrx_word' id='word_1_203' title='bbox 304 2853 412 2900; x_wconf 90' lang='lat' dir='ltr'><strong>autem</strong></span> <span class='ocrx_word' id='word_1_204' title='bbox 430 2837 554 2900; x_wconf 93' lang='lat' dir='ltr'><strong>bellum</strong></span> <span class='ocrx_word' id='word_1_205' title='bbox 574 2833 741 2899; x_wconf 88' lang='lat' dir='ltr'><strong>Persicum</strong></span> <span class='ocrx_word' id='word_1_206' title='bbox 759 2831 938 2897; x_wconf 80' lang='lat' dir='ltr'><strong>conflatum</strong></span> <span class='ocrx_word' id='word_1_207' title='bbox 956 2850 1024 2916; x_wconf 82' lang='lat' dir='ltr'><strong>est,</strong></span> <span class='ocrx_word' id='word_1_208' title='bbox 1044 2857 1147 2922; x_wconf 89' lang='lat' dir='ltr'><strong>quum</strong></span> <span class='ocrx_word' id='word_1_209' title='bbox 1163 2836 1257 2923; x_wconf 89' lang='lat' dir='ltr'><strong>plena</strong></span> 
     </span>
     <span class='ocr_line' id='line_1_26' title="bbox 188 2927 1258 3027; baseline -0.004 -23"><span class='ocrx_word' id='word_1_210' title='bbox 188 2941 297 3004; x_wconf 89' lang='lat' dir='ltr'><strong>omnia</strong></span> <span class='ocrx_word' id='word_1_211' title='bbox 313 2939 535 3027; x_wconf 89' lang='lat' dir='ltr'><strong>suspicionum</strong></span> <span class='ocrx_word' id='word_1_212' title='bbox 549 2938 584 3001; x_wconf 88' lang='lat' dir='ltr'><strong>in</strong></span> <span class='ocrx_word' id='word_1_213' title='bbox 598 2931 723 3002; x_wconf 86' lang='lat' dir='ltr'><strong>Graecia</strong></span> <span class='ocrx_word' id='word_1_214' title='bbox 740 2951 865 3017; x_wconf 88' lang='lat' dir='ltr'><strong>essent,</strong></span> <span class='ocrx_word' id='word_1_215' title='bbox 889 2927 1009 2998; x_wconf 80' lang='lat' dir='ltr'><strong>multis¹</strong></span> <span class='ocrx_word' id='word_1_216' title='bbox 1019 2935 1141 3022; x_wconf 89' lang='lat' dir='ltr'><strong>palam,</strong></span> <span class='ocrx_word' id='word_1_217' title='bbox 1157 2936 1258 3022; x_wconf 90' lang='lat' dir='ltr'><strong>pluri-</strong></span> 
     </span>
     <span class='ocr_line' id='line_1_27' title="bbox 187 3035 1257 3125; baseline -0.004 -19"><span class='ocrx_word' id='word_1_218' title='bbox 187 3043 249 3106; x_wconf 90' lang='lat' dir='ltr'><strong>bus</strong></span> <span class='ocrx_word' id='word_1_219' title='bbox 265 3043 391 3106; x_wconf 91' lang='lat' dir='ltr'><strong>occulte</strong></span> <span class='ocrx_word' id='word_1_220' title='bbox 407 3041 525 3104; x_wconf 88' lang='lat' dir='ltr'><strong>Perseo</strong></span> <span class='ocrx_word' id='word_1_221' title='bbox 541 3038 766 3116; x_wconf 87' lang='lat' dir='ltr'><strong>studentibus,</strong></span> <span class='ocrx_word' id='word_1_222' title='bbox 780 3058 847 3099; x_wconf 91' lang='lat' dir='ltr'><strong>uon</strong></span> <span class='ocrx_word' id='word_1_223' title='bbox 861 3035 985 3100; x_wconf 88' lang='lat' dir='ltr'><strong>destitit</strong></span> <span class='ocrx_word' id='word_1_224' title='bbox 998 3035 1166 3125; x_wconf 87' lang='lat' dir='ltr'><strong>Charopus</strong></span> <span class='ocrx_word' id='word_1_225' title='bbox 1183 3059 1257 3120; x_wconf 90' lang='lat' dir='ltr'><strong>eos,</strong></span> 
     </span>
     <span class='ocr_line' id='line_1_28' title="bbox 187 3136 1256 3233; baseline -0.005 -24"><span class='ocrx_word' id='word_1_226' title='bbox 187 3145 245 3233; x_wconf 89' lang='lat' dir='ltr'><strong>qui</strong></span> <span class='ocrx_word' id='word_1_227' title='bbox 266 3144 456 3208; x_wconf 89' lang='lat' dir='ltr'><strong>auctoritate</strong></span> <span class='ocrx_word' id='word_1_228' title='bbox 478 3142 564 3205; x_wconf 92' lang='lat' dir='ltr'><strong>inter</strong></span> <span class='ocrx_word' id='word_1_229' title='bbox 584 3138 733 3229; x_wconf 89' lang='lat' dir='ltr'><strong>Epirotas</strong></span> <span class='ocrx_word' id='word_1_230' title='bbox 753 3137 964 3226; x_wconf 84' lang='lat' dir='ltr'><strong>praestabant,</strong></span> <span class='ocrx_word' id='word_1_231' title='bbox 983 3136 1070 3226; x_wconf 93' lang='lat' dir='ltr'><strong>apud</strong></span> <span class='ocrx_word' id='word_1_232' title='bbox 1092 3138 1256 3204; x_wconf 83' lang='lat' dir='ltr'><strong>Romanos</strong></span> 
     </span>
     <span class='ocr_line' id='line_1_29' title="bbox 186 3237 1255 3332; baseline -0.004 -22"><span class='ocrx_word' id='word_1_233' title='bbox 186 3245 359 3310; x_wconf 85' lang='lat' dir='ltr'><strong>criminari.</strong></span> <span class='ocrx_word' id='word_1_234' title='bbox 389 3245 431 3307; x_wconf 87' lang='lat' dir='ltr'><strong>Et</strong></span> <span class='ocrx_word' id='word_1_235' title='bbox 458 3242 600 3332; x_wconf 91' lang='lat' dir='ltr'><strong>speciem</strong></span> <span class='ocrx_word' id='word_1_236' title='bbox 625 3237 800 3328; x_wconf 90' lang='lat' dir='ltr'><strong>quamdam</strong></span> <span class='ocrx_word' id='word_1_237' title='bbox 827 3239 1034 3326; x_wconf 88' lang='lat' dir='ltr'><strong>coloremque</strong></span> <span class='ocrx_word' id='word_1_238' title='bbox 1063 3237 1158 3304; x_wconf 89' lang='lat' dir='ltr'><strong>dabat</strong></span> <span class='ocrx_word' id='word_1_239' title='bbox 1180 3240 1255 3321; x_wconf 74' lang='lat' dir='ltr'><strong>&#39;eJus</strong></span> 
     </span>
     <span class='ocr_line' id='line_1_30' title="bbox 187 3333 1255 3431; baseline 0 -21"><span class='ocrx_word' id='word_1_240' title='bbox 187 3347 355 3411; x_wconf 87' lang='lat' dir='ltr'><strong>calumniis</strong></span> <span class='ocrx_word' id='word_1_241' title='bbox 379 3368 416 3410; x_wconf 90' lang='lat' dir='ltr'><strong>ea</strong></span> <span class='ocrx_word' id='word_1_242' title='bbox 439 3333 664 3430; x_wconf 83' lang='lat' dir='ltr'><strong>necessitudo,</strong></span> <span class='ocrx_word' id='word_1_243' title='bbox 693 3364 766 3429; x_wconf 92' lang='lat' dir='ltr'><strong>quae</strong></span> <span class='ocrx_word' id='word_1_244' title='bbox 793 3340 872 3405; x_wconf 91' lang='lat' dir='ltr'><strong>olim</strong></span> <span class='ocrx_word' id='word_1_245' title='bbox 898 3340 1039 3428; x_wconf 89' lang='lat' dir='ltr'><strong>Cephalo</strong></span> <span class='ocrx_word' id='word_1_246' title='bbox 1068 3341 1255 3431; x_wconf 76' lang='lat' dir='ltr'><strong>caeterisque</strong></span> 
     </span>
     <span class='ocr_line' id='line_1_31' title="bbox 186 3440 1355 3535; baseline 0 -25"><span class='ocrx_word' id='word_1_247' title='bbox 186 3446 333 3511; x_wconf 87' lang='lat' dir='ltr'><strong>eamdem</strong></span> <span class='ocrx_word' id='word_1_248' title='bbox 349 3461 467 3512; x_wconf 88' lang='lat' dir='ltr'><strong>sectam</strong></span> <span class='ocrx_word' id='word_1_249' title='bbox 485 3443 696 3533; x_wconf 91' lang='lat' dir='ltr'><strong>sequentibus</strong></span> <span class='ocrx_word' id='word_1_250' title='bbox 712 3465 788 3508; x_wconf 90' lang='lat' dir='ltr'><strong>cum</strong></span> <span class='ocrx_word' id='word_1_251' title='bbox 804 3441 935 3531; x_wconf 85' lang='lat' dir='ltr'><strong>regibus</strong></span> <span class='ocrx_word' id='word_1_252' title='bbox 948 3440 1167 3507; x_wconf 86' lang='lat' dir='ltr'><strong>Macedonum</strong></span> <span class='ocrx_word' id='word_1_253' title='bbox 1180 3445 1254 3510; x_wconf 86' lang='lat' dir='ltr'><strong>fue·</strong></span> <span class='ocrx_word' id='word_1_254' title='bbox 1354 3526 1355 3535; x_wconf 8' lang='grc' dir='ltr'>ἵ</span> 
     </span>
     <span class='ocr_line' id='line_1_32' title="bbox 185 3543 1253 3640; baseline -0.001 -29"><span class='ocrx_word' id='word_1_255' title='bbox 185 3562 244 3612; x_wconf 89' lang='lat' dir='ltr'><strong>rat.</strong></span> <span class='ocrx_word' id='word_1_256' title='bbox 262 3549 332 3612; x_wconf 85' lang='lat' dir='ltr'><strong>Jam</strong></span> <span class='ocrx_word' id='word_1_257' title='bbox 349 3569 427 3612; x_wconf 84' lang='lat' dir='ltr'><strong>vero</strong></span> <span class='ocrx_word' id='word_1_258' title='bbox 443 3547 553 3610; x_wconf 86' lang='lat' dir='ltr'><strong>omnia</strong></span> <span class='ocrx_word' id='word_1_259' title='bbox 568 3547 697 3611; x_wconf 90' lang='lat' dir='ltr'><strong>illorum</strong></span> <span class='ocrx_word' id='word_1_260' title='bbox 720 3544 805 3608; x_wconf 91' lang='lat' dir='ltr'><strong>dicta</strong></span> <span class='ocrx_word' id='word_1_261' title='bbox 822 3543 969 3632; x_wconf 82' lang='lat' dir='ltr'><strong>factaque</strong></span> <span class='ocrx_word' id='word_1_262' title='bbox 989 3543 1127 3632; x_wconf 83' lang='lat' dir='ltr'><strong>maligue</strong></span> <span class='ocrx_word' id='word_1_263' title='bbox 1142 3547 1253 3640; x_wconf 83' lang='lat' dir='ltr'><strong>&#39;explo-</strong></span> 
     </span>
     <span class='ocr_line' id='line_1_33' title="bbox 184 3644 1252 3738; baseline 0 -25"><span class='ocrx_word' id='word_1_264' title='bbox 184 3673 275 3732; x_wconf 86' lang='lat' dir='ltr'><strong>rans‚</strong></span> <span class='ocrx_word' id='word_1_265' title='bbox 293 3666 325 3714; x_wconf 92' lang='lat' dir='ltr'><strong>et</strong></span> <span class='ocrx_word' id='word_1_266' title='bbox 340 3650 375 3717; x_wconf 89' lang='lat' dir='ltr'><strong>in</strong></span> <span class='ocrx_word' id='word_1_267' title='bbox 393 3649 485 3738; x_wconf 83' lang='lat' dir='ltr'><strong>pejus</strong></span> <span class='ocrx_word' id='word_1_268' title='bbox 502 3671 631 3737; x_wconf 89' lang='lat' dir='ltr'><strong>semper</strong></span> <span class='ocrx_word' id='word_1_269' title='bbox 647 3647 862 3734; x_wconf 89' lang='lat' dir='ltr'><strong>detorquens,</strong></span> <span class='ocrx_word' id='word_1_270' title='bbox 874 3644 1107 3733; x_wconf 83' lang='lat' dir='ltr'><strong>veritatemque</strong></span> <span class='ocrx_word' id='word_1_271' title='bbox 1122 3645 1252 3734; x_wconf 85' lang='lat' dir='ltr'><strong>adjectis</strong></span> 
     </span>
     <span class='ocr_line' id='line_1_34' title="bbox 184 3745 1251 3842; baseline -0.002 -26"><span class='ocrx_word' id='word_1_272' title='bbox 184 3751 419 3839; x_wconf 87' lang='lat' dir='ltr'><strong>detractisque,</strong></span> <span class='ocrx_word' id='word_1_273' title='bbox 439 3773 511 3838; x_wconf 71' lang='lat' dir='ltr'><strong>quaa</strong></span> <span class='ocrx_word' id='word_1_274' title='bbox 527 3751 692 3831; x_wconf 88' lang='lat' dir='ltr'><strong>voluerat,</strong></span> <span class='ocrx_word' id='word_1_275' title='bbox 711 3747 912 3842; x_wconf 85' lang='lat' dir='ltr'><strong>adulterans,</strong></span> <span class='ocrx_word' id='word_1_276' title='bbox 940 3745 1038 3810; x_wconf 90' lang='lat' dir='ltr'><strong>fidem</strong></span> <span class='ocrx_word' id='word_1_277' title='bbox 1061 3747 1251 3814; x_wconf 91' lang='lat' dir='ltr'><strong>criminibus</strong></span> 
     </span>
     <span class='ocr_line' id='line_1_35' title="bbox 184 3845 1251 3940; baseline -0.004 -24"><span class='ocrx_word' id='word_1_278' title='bbox 184 3854 328 3919; x_wconf 86' lang='lat' dir='ltr'><strong>faciebat.</strong></span> <span class='ocrx_word' id='word_1_279' title='bbox 348 3853 464 3940; x_wconf 91' lang='lat' dir='ltr'><strong>Neque</strong></span> <span class='ocrx_word' id='word_1_280' title='bbox 482 3851 533 3916; x_wconf 94' lang='lat' dir='ltr'><strong>his</strong></span> <span class='ocrx_word' id='word_1_281' title='bbox 548 3867 657 3915; x_wconf 74' lang='lat' dir='ltr'><strong>tamma</strong></span> <span class='ocrx_word' id='word_1_282' title='bbox 675 3848 966 3914; x_wconf 88' lang='lat' dir='ltr'><strong>commovebantur</strong></span> <span class='ocrx_word' id='word_1_283' title='bbox 982 3845 1142 3935; x_wconf 87' lang='lat' dir='ltr'><strong>Cephalus</strong></span> <span class='ocrx_word' id='word_1_284' title='bbox 1161 3864 1194 3912; x_wconf 91' lang='lat' dir='ltr'><strong>et</strong></span> <span class='ocrx_word' id='word_1_285' title='bbox 1208 3850 1251 3932; x_wconf 89' lang='lat' dir='ltr'><strong>ii,</strong></span> 
     </span>
     <span class='ocr_line' id='line_1_36' title="bbox 121 3948 1251 4042; baseline -0.002 -24"><span class='ocrx_word' id='word_1_286' title='bbox 121 3997 123 4000; x_wconf 94' lang='lat'>-</span> <span class='ocrx_word' id='word_1_287' title='bbox 185 3956 241 4042; x_wconf 90' lang='lat' dir='ltr'><strong>qui</strong></span> <span class='ocrx_word' id='word_1_288' title='bbox 265 3953 456 4018; x_wconf 89' lang='lat' dir='ltr'><strong>eorumdem</strong></span> <span class='ocrx_word' id='word_1_289' title='bbox 482 3953 516 4016; x_wconf 94' lang='lat' dir='ltr'><strong>in</strong></span> <span class='ocrx_word' id='word_1_290' title='bbox 541 3952 706 4039; x_wconf 89' lang='lat' dir='ltr'><strong>republica</strong></span> <span class='ocrx_word' id='word_1_291' title='bbox 728 3949 938 4016; x_wconf 89' lang='lat' dir='ltr'><strong>consiliorum</strong></span> <span class='ocrx_word' id='word_1_292' title='bbox 957 3948 1036 4011; x_wconf 89' lang='lat' dir='ltr'><strong>socii</strong></span> <span class='ocrx_word' id='word_1_293' title='bbox 1055 3965 1159 4031; x_wconf 86' lang='lat' dir='ltr'><strong>eraut,</strong></span> <span class='ocrx_word' id='word_1_294' title='bbox 1178 3950 1251 4016; x_wconf 86' lang='lat' dir='ltr'><strong>freti</strong></span> 
     </span>
     <span class='ocr_line' id='line_1_37' title="bbox 184 4045 1252 4146; baseline -0.002 -27"><span class='ocrx_word' id='word_1_295' title='bbox 184 4055 311 4146; x_wconf 83' lang='lat' dir='ltr'><strong>egregia</strong></span> <span class='ocrx_word' id='word_1_296' title='bbox 330 4054 527 4118; x_wconf 89' lang='lat' dir='ltr'><strong>conscientia</strong></span> <span class='ocrx_word' id='word_1_297' title='bbox 546 4045 673 4116; x_wconf 83' lang='lat' dir='ltr'><strong>illibatae</strong></span> <span class='ocrx_word' id='word_1_298' title='bbox 690 4075 764 4142; x_wconf 84' lang='lat' dir='ltr'><strong>erga</strong></span> <span class='ocrx_word' id='word_1_299' title='bbox 778 4053 941 4114; x_wconf 88' lang='lat' dir='ltr'><strong>Romanos</strong></span> <span class='ocrx_word' id='word_1_300' title='bbox 958 4047 1043 4112; x_wconf 91' lang='lat' dir='ltr'><strong>fidei.</strong></span> <span class='ocrx_word' id='word_1_301' title='bbox 1056 4047 1176 4114; x_wconf 89' lang='lat' dir='ltr'><strong>Verum</strong></span> <span class='ocrx_word' id='word_1_302' title='bbox 1194 4053 1252 4117; x_wconf 89' lang='lat' dir='ltr'><strong>ubi</strong></span> 
     </span>
    </p>
   </div>
   <div class='ocr_carea' id='block_1_3' title="bbox 285 4159 1107 4248">
    <p class='ocr_par' dir='ltr' id='par_1_3' title="bbox 285 4159 1107 4248">
     <span class='ocr_line' id='line_1_38' title="bbox 285 4159 1107 4248; baseline 0.001 -23"><span class='ocrx_word' id='word_1_303' title='bbox 285 4159 386 4226; x_wconf 87' lang='lat' dir='ltr'><em>VIII.</em></span> <span class='ocrx_word' id='word_1_304' title='bbox 1083 4175 1107 4248; x_wconf 81' lang='lat'>9</span> 
     </span>
    </p>
   </div>
   <div class='ocr_carea' id='block_1_4' title="bbox 0 0 1496 4702">
    <p class='ocr_par' dir='ltr' id='par_1_4' title="bbox 0 0 1496 4702">
     <span class='ocr_line' id='line_1_39' title="bbox 0 0 1496 4702; baseline 0 4"><span class='ocrx_word' id='word_1_305' title='bbox 0 0 1496 4702; x_wconf 95' lang='lat' dir='ltr'><strong> </strong></span> 
     </span>
    </p>
   </div>
  </div>
 </body>
</html>
