2972 4720
201 375 323 477 22222333
415 398 505 464 Lm.
533 397 653 463 xml.
683 383 888 464 carsae.
916 398 1015 464 xer.
1189 396 1238 495 69

176 547 193 582 ιι
206 541 317 614 regno
337 515 515 613 expulisti.
527 511 708 586 'Artetarit
724 513 988 604 interfectores,
1007 532 1049 587 ut
1062 517 1156 589 caede
1172 519 1239 614 (ne

176 625 407 724 «quidultra
421 625 563 720 dicam)
585 626 740 726 laetatum
759 642 963 724 appareret,
977 630 1162 726 recepisti,
1178 631 1242 725 qui

177 767 194 802 ι
208 739 371 806 omnium
392 736 595 831 Illyriorum
621 733 834 805 fidissimum
856 761 1006 808 romano
1027 739 1164 808 nomini
1183 764 1242 809 re-

177 879 194 914 ιι
208 848 333 945 gulum
362 847 575 924 occiderant.
616 849 680 914 Per
714 844 928 916 Thessaliam
961 862 998 918 et
1030 848 1241 918 Maliensem

178 989 195 1024 ιι
209 955 361 1054 agrum⁵
388 981 471 1026 cum
500 956 658 1026 exercitu
684 970 809 1026 contra
834 953 957 1027 ¹foedus
977 957 1138 1054 Delphos
1159 959 1241 1029 isti:

179 1068 383 1164 «Byzantiis
413 1068 498 1137 item
528 1080 652 1136 contra
682 1063 800 1135 foedus
828 1066 953 1136 misisti
981 1067 1120 1138 auxilia.
1151 1067 1255 1138 Cum*

181 1210 197 1244 ιι
210 1179 360 1265 Boeotis,
377 1179 481 1247 sociis
500 1176 649 1258 nostris,
668 1189 841 1245 secretam
856 1173 922 1244 tibi
937 1176 1005 1272 ipsi
1021 1177 1244 1263 societatem,

180 1321 196 1354 «
212 1311 319 1385 quam
343 1312 419 1358 non
440 1284 589 1368 licebat,
603 1283 837 1379 jurejurando
856 1285 1033 1381 pepigisti.
1056 1284 1246 1356 Thebanos

183 1399 364 1495 «legatos,
385 1402 551 1469 Eversam
568 1409 604 1465 et
619 1394 860 1482 Callicritum,
876 1395 1060 1465 venientes
1081 1420 1101 1465 a
1120 1395 1245 1482 nobis,

184 1541 200 1574 ιι
214 1533 372 1606 quaerere
387 1509 513 1595 malo,
537 1507 618 1602 quis
639 1503 876 1590 interfecerit,
898 1511 1007 1601 quam
1028 1531 1186 1603 arguere.
1203 1513 1246 1577 In

183 1651 199 1684 ι
213 1620 339 1690 AEtolia
364 1618 498 1690 bellum
525 1619 733 1687 intestinum
761 1632 797 1686 et
821 1614 933 1688 caedes
956 1621 1162 1717 principum
1183 1644 1248 1718 per

184 1759 200 1794 ι
215 1754 325 1826 quos,
342 1731 410 1800 nisi
425 1753 491 1827 per
505 1744 605 1814 tuos,
620 1725 720 1797 factae
733 1727 848 1798 videri
863 1729 1036 1825 possunt?
1054 1729 1214 1829 Dolopes
1229 1756 1249 1801 a

184 1839 346 1937 «teipso
368 1841 511 1910 evastati
532 1852 625 1909 sunt.
647 1841 824 1908 Eumenes
838 1861 918 1922 rex,
942 1836 986 1909 ab
1006 1843 1120 1909 Roma
1134 1865 1249 1936 quum

186 1951 254 2019 «in
276 1973 426 2048 regnum
447 1947 596 2034 rediret,
615 1971 731 2045 prope
751 1962 794 2017 ut
812 1947 954 2017 victima
974 1947 1123 2046 Delphis
1141 1949 1178 2017 in
1198 1973 1249 2018 sa-

187 2092 203 2124 «
218 2076 314 2132 erato
329 2060 410 2130 loco
423 2074 505 2130 ante
522 2082 600 2129 aras
616 2072 805 2148 mactatus,
822 2083 931 2154 quem
945 2059 1142 2142 insimulet,
1154 2061 1252 2157 piget

186 2200 204 2234 ι
217 2167 360 2240 referre.
387 2171 474 2258 Quae
497 2168 628 2265 hospes
648 2159 910 2239 Brundisinus⁶
931 2169 1071 2240 occulta
1092 2167 1252 2240 facinora

187 2312 203 2346 ιι
218 2281 367 2367 indicet,
381 2295 519 2352 certum
532 2277 666 2364 habeo,
680 2291 716 2348 et
729 2279 860 2376 scripta
872 2277 938 2348 tibi
950 2277 1126 2348 omniaab
1136 2282 1251 2350 Roma

189 2419 205 2455 ιι
220 2415 311 2478 esse,
325 2405 361 2462 et
375 2391 509 2488 legatos
529 2404 611 2461 tuos
631 2391 864 2460 renuntiasse.
885 2394 968 2459 Haec
982 2414 1028 2458 ne
1045 2388 1252 2466 dicerentur

189 2525 240 2570 «a
266 2525 345 2586 me,
374 2525 451 2571 uno
475 2491 586 2570 modo
611 2501 721 2569 vitare
750 2500 920 2596 potuisti,
949 2523 1023 2569 non
1056 2499 1252 2595 quaerendo

190 2642 205 2676 ιι
221 2603 328 2705 quam
349 2609 399 2680 ob
423 2633 566 2681 causam
587 2605 765 2680 exercitus
783 2610 820 2678 in
844 2608 1092 2680 Macedoniam
1118 2610 1263 2705 trajice·¹

190 2736 355 2808 «rentur,
375 2735 436 2790 aut
456 2719 619 2818 praesidia
640 2721 676 2788 in
693 2719 873 2789 sociorum
892 2718 1001 2790 urbes
1019 2721 1252 2791 mitteremus.

190 2831 403 2918 «Quaerenti
421 2829 487 2899 tibi
506 2828 696 2927 supe1bius
714 2830 966 2913 tacuissemus,
979 2853 1087 2924 quam
1104 2854 1187 2898 vera
1203 2855 1255 2900 re·

158 2959 162 2965 ’
191 2971 207 3004 ιι
223 2938 443 3036 spondimus.
471 2938 647 3035 Equidem
674 2962 742 3034 pro
771 2953 921 3035 paterno
948 2951 1077 3006 nostro·
1098 2937 1254 3034 hospitio
1344 2929 1346 2933 ¹

192 3079 208 3112 ιι
223 3046 324 3118 faveo
346 3049 499 3117 orationi
517 3059 622 3131 tuat,
645 3062 682 3119 et
704 3062 812 3142 opto,
834 3061 876 3116 ut
896 3043 1052 3140 aliquam
1073 3046 1162 3116 mihi
1180 3073 1254 3116 ma-

193 3191 209 3224 «
224 3159 347 3230 teriam
368 3155 527 3254 praebeas
547 3153 692 3253 agendae
713 3170 782 3224 tuae
803 3154 898 3252 apud
921 3169 1081 3224 senatum
1101 3180 1214 3226 causae
1228 3145 1273 3226 »ᾖ

238 3273 328 3340 XLI.
353 3267 402 3338 ad
419 3291 459 3337 ea
473 3277 556 3337 ren1
577 3293 584 3335 :
605 3271 768 3336 «Bonam
785 3289 947 3351 causam,
964 3265 992 3336 si
1010 3264 1106 3364 apud
1117 3265 1257 3362 judices

196 3443 300 3491 vandum
308 3462 318 3500 ;
326 3442 404 3490 insere
412 3457 418 3489 ε
424 3439 509 3507 serdus
519 3442 627 3490 miseris:
638 3444 706 3507 quod
748 3443 876 3502 XXXIII,
884 3441 915 3489 32
925 3475 932 3498 ,
942 3459 969 3490 n.
980 3441 1009 3504 6,
1023 3453 1047 3489 ct
1059 3443 1128 3500 xm,
1141 3459 1172 3490 22
1180 3477 1188 3502 ,
1197 3460 1222 3492 n.
1232 3452 1256 3499 t.

197 3522 273 3586 ipsum
286 3533 367 3570 tamen
382 3523 426 3570 citt
437 3539 486 3569 non
494 3522 573 3588 fuisse
586 3539 702 3571 renovast—
784 3523 810 3570 6,
832 3522 892 3583 Quoe
906 3519 990 3584 hospes
1008 3519 1184 3578 Brundisinus,
1209 3533 1257 3573 ete.

197 3601 271 3648 dum.-
290 3603 359 3663 cujus
381 3603 448 3650 vocis
472 3604 567 3650 iteratio
588 3604 659 3661 lecit,
676 3613 704 3650 ut
749 3601 815 3649 conf.
829 3617 883 3664 cap.
899 3615 938 3660 17.

196 3680 308 3728 librarius
330 3697 342 3728 a
370 3681 452 3744 priore
483 3681 515 3728 ad
543 3682 703 3746 posteriorem
786 3699 808 3742 7.
824 3683 901 3728 Faveo
922 3673 1031 3726 orationi
1048 3691 1111 3736 tuoe,
1132 3695 1180 3742 qua
1200 3696 1259 3731 meae

196 3760 330 3823 transierit,
355 3760 434 3808 verbis
458 3759 543 3808 mediis
561 3761 703 3827 praeteritis3
748 3759 896 3807 accusationi
910 3749 1082 3822 respondebis,
1093 3774 1141 3820 pro
1152 3747 1260 3820 paterno

199 3840 283 3903 Sigon.
741 3849 831 3895 ,nostro
844 3836 964 3900 hospitio,
980 3835 1047 3900 quod
1061 3835 1133 3904 nobis
1144 3852 1199 3884 cum
1217 3855 1260 3904 ps-

236 3918 414 3982 t.Abrupolim
427 3917 558 3967 socium...
576 3918 702 3973 Artecars',
750 3916 904 3964 uetuosuit.
1082 3923 1084 3927 '

200 4009 246 4045 ete.
260 3996 315 4044 vide
329 3997 358 4043 ad
373 4013 425 4060 cap.
443 3997 488 4055 13,
501 4013 526 4044 n.
542 3998 565 4045 5.
786 3996 850 4043 Cer.
862 3995 929 4042 xm.
943 4011 965 4040 1.
977 3993 1020 4040 Ad
1029 4010 1058 4040 ea
1069 4010 1113 4040 rer
1123 4029 1129 4049 ‚
1139 4004 1186 4042 etc.
1196 4000 1261 4047 conl.

237 4075 414 4124 5.Maliensem
434 4090 539 4140 agruim
560 4075 615 4122 vide
635 4092 706 4142 supra
752 4075 857 4138 Appiam.
875 4071 972 4122 Maced.
993 4073 1147 4132 Excxxv,
1163 4077 1266 4150 92¹¹?ss
