2976 4712
285 361 355 434 386
687 361 936 429 EPITOMAE

280 486 416 556 animos
435 480 480 552 ad
497 478 704 576 religionem
720 479 888 576 perpulit.
911 478 1035 550 Tullus
1053 481 1225 553 Hostilius
1239 479 1344 553 Alba·

280 619 346 664 nos
362 590 459 662 bello
477 590 589 688 petiit.
609 593 692 659 Post
714 588 788 659 haec
802 591 1076 686 trigeminorum
1091 587 1246 687 pugna³.
1269 599 1341 662 Ho-

277 704 389 773 ratius
414 698 609 772 absolutus.
633 698 736 768 Metti
758 696 902 768 Fuffetii
924 698 1152 795 supplicium.
1178 699 1268 771 Alba
1287 701 1341 771 di-

276 826 376 899 ruta,
397 808 524 881 Albani
541 809 578 877 in
600 808 776 878 civitatem
798 809 943 904 recepti.
964 806 1105 878 Sabinis
1124 807 1263 879 bellum
1284 811 1340 882 in·
1417 829 1422 840 ’

277 923 425 1006 dictum.
455 918 509 988 Ad
535 932 757 1014 postremum
785 913 936 986 fulmine
962 914 1088 986 Tullus
1113 915 1336 1015 absumptus.

274 1037 394 1103 Ancus
412 1031 566 1100 Marcius
584 1027 822 1110 ceremonias,
840 1050 860 1095 a
878 1027 996 1095 Numa
1013 1027 1211 1114 institutas,
1234 1052 1337 1098 reno·

272 1145 376 1213 vavit.
406 1129 538 1210 Latinis
566 1138 665 1208 victis
686 1134 788 1206 etad
811 1135 989 1204 civitatem
1018 1133 1159 1212 adscitis
1176 1150 1336 1205 montem

270 1253 487 1322 Aventinum
499 1248 699 1343 assignavit.
712 1244 941 1330 Politorium,
956 1241 1310 1315 urbemLatinorum
1325 1301 1334 1327 ,

269 1362 366 1433 bello
378 1360 587 1457 repetitam,
607 1380 715 1452 quam
728 1355 836 1452 prisci
855 1355 971 1424 Latini
985 1369 1268 1451 occupaverant,
1286 1355 1335 1424 di-

268 1474 351 1543 ruit.
374 1475 524 1550 Pontem
545 1465 737 1538 sublicium
759 1466 798 1534 in
820 1463 975 1534 Tiberim
993 1461 1112 1534 fecitl.
1132 1465 1332 1534 Janiculrun

270 1581 396 1652 collem
418 1577 509 1650 Urbi
537 1575 683 1646 addidit.
711 1577 814 1645 Fines
838 1575 980 1671 imperii
1009 1573 1170 1670 protulit.
1197 1576 1331 1645 Ostiam

268 1690 438 1762 condidit.
451 1687 624 1783 Regnavit
634 1709 746 1756 annos
758 1684 882 1782 viginti
892 1698 1049 1779 quatuor
1059 1678 1084 1752 5.
1096 1688 1148 1753 Eo
1160 1699 1332 1780 regnante

179 1839 181 1844 ·
266 1807 448 1886 Lucum0,
460 1797 641 1868 Damarati
655 1793 832 1864 Corinthii
845 1792 956 1878 filius,
969 1818 988 1863 a
999 1794 1218 1890 Tarquiniis,
1233 1799 1332 1864 Etru·

266 1913 326 1979 riae
342 1909 504 1990 civitate,
525 1911 676 1975 Romam
697 1904 812 1992 venit,
828 1919 883 1988 et,
903 1905 939 1972 in
957 1905 1147 1974 amicitiam
1166 1905 1257 1974 Anci
1273 1929 1328 1974 re·

265 2031 410 2112 ceptus,
425 2014 609 2110 Tarquinii
623 2037 758 2083 nornen
775 2011 868 2083 ferre
881 2013 1011 2108 coepit,
1031 2027 1067 2082 et
1080 2028 1163 2107 post
1177 2029 1329 2085 mortem

265 2126 356 2195 Anci
372 2147 525 2218 regnum
544 2123 693 2219 excepit.
712 2126 868 2194 Centum
884 2121 1028 2209 additis,
1043 2126 1189 2193 Patrum
1207 2149 1329 2196 nume·

264 2258 346 2338 rum
367 2235 475 2303 auxit.
499 2233 646 2301 Latinos
666 2231 827 2328 subegit,
847 2233 981 2302 circum
996 2231 1211 2330 designavit,
1225 2233 1328 2304 ludos

264 2342 385 2415 edidit.
420 2340 635 2413 Sabinorum
662 2340 761 2427 bello
794 2342 926 2437 petitus
954 2343 1116 2436 equitum
1151 2344 1326 2414 centurias

264 2454 459 2552 ampliavit.
472 2452 667 2521 Tentandae
680 2453 832 2522 scientiae
846 2473 951 2522 causa
963 2453 1035 2520 Atti
1049 2453 1152 2522 Na'vii
1165 2455 1324 2550 auguris,

263 2564 486 2637 consuluisse
504 2559 630 2645 fertur,
644 2560 763 2646 an'id,
780 2560 913 2657 dequo
930 2561 1120 2656 cogitaret,
1138 2559 1235 2632 effici
1247 2585 1325 2658 pos—

263 2690 336 2748 set:
358 2672 457 2771 quod
475 2667 588 2767 quu'rn
603 2671 662 2740 ille
677 2668 755 2740 fieri
772 2695 876 2768 posse
890 2671 1152 2766 respondisset,
1165 2672 1325 2764 jussisse,

262 2810 346 2856 eum
374 2781 548 2853 novacula
578 2794 695 2850 cotem
721 2779 932 2882 praecidere,
959 2777 1068 2875 idque
1095 2781 1261 2876 protinus
1279 2779 1323 2850 ab

262 2899 346 2965 Atto
363 2892 508 2964 factum.
525 2888 674 2960 Sabinos
689 2904 859 2985 practerea
872 2889 946 2958 acie
959 2889 1060 2972 vicit,
1074 2887 1203 2958 urbem
1219 2915 1323 2961 muro

261 3003 517 3088 circumdedit,
539 3000 677 3070 cloacas
696 2996 791 3068 fecit.
816 2998 963 3068 Occisus
980 3011 1033 3067 est
1053 2995 1100 3067 ab
1114 2999 1204 3070 Anci
1221 2998 1323 3087 filiis,

262 3137 376 3210 quum
395 3126 576 3206 regnasset
597 3133 712 3182 annos
731 3109 875 3206 triginta
890 3122 983 3178 octo.
1003 3111 1178 3179 Successit
1197 3111 1229 3208 ei
1249 3114 1320 3183 Ser.

261 3220 422 3304 Tullius,
454 3232 559 3289 natus
589 3244 633 3292 ex
663 3220 802 3317 captiva
837 3216 950 3287 nobili
982 3219 1243 3309 Corniculana;
1264 3223 1322 3292 cui

259 3502 307 3552 pro
320 3483 445 3540 centuriis,
460 3496 533 3546 quem
543 3495 648 3528 errorem
659 3495 691 3527 ex
704 3495 769 3529 com·
850 3489 873 3536 t.
901 3471 1002 3530 Pontem
1022 3483 1149 3530 sublicium
1173 3485 1198 3530 iu
1221 3483 1319 3531 Tiberini

261 3566 353 3630 prndio
371 3561 492 3612 scribendi
509 3569 589 3608 ortum
605 3560 771 3624 suspicabatur
807 3557 887 3625 ficia
900 3559 956 3609 vide
968 3561 1000 3608 ad
1012 3563 1063 3608 Liv.
1076 3564 1103 3619 1,
1119 3561 1165 3620 33,
1181 3578 1206 3608 u.
1217 3564 1246 3621 ⁸3
1262 3579 1318 3627 pag.

259 3635 382 3690 Drakenb,
818 3646 878 3697 104,
893 3640 965 3702 primi
976 3640 1025 3688 vol.
1034 3639 1109 3704 hujus
1118 3641 1293 3690 editionish.

263 3775 268 3784 Ι
279 3775 284 3795 ¹
296 3724 320 3770 3.
331 3718 519 3785 Trigeminorum
524 3733 622 3782 pugna,
630 3717 660 3766 al.
671 3729 767 3781 tergem.
849 3719 873 3765 5.
887 3717 1004 3782 Regnavit
1013 3733 1092 3765 annos
1100 3717 1191 3781 viginti
1197 3731 1319 3782 quatum

260 3817 285 3863 p.
295 3798 391 3852 vidend
402 3799 453 3844 Liv.
465 3797 490 3854 I,
502 3803 547 3852 at,
557 3812 582 3842 n.
599 3811 620 3843 1.
633 3824 667 3832 -
679 3795 768 3843 Polito·
812 3806 872 3842 vett.
891 3795 946 3842 cdd.
962 3797 1121 3858 preferebant
1132 3813 1210 3844 annos
1219 3798 1319 3864 τηςίιιω

259 3871 336 3932 rium,
361 3877 443 3922 urbem
464 3871 619 3930 Latinorum,
642 3886 687 3922 etc.
707 3877 766 3922 Haec
812 3883 926 3936 quatuor,
946 3875 989 3922 sed
1001 3873 1146 3932 malentes
1156 3891 1242 3940 nempe
1257 3865 1318 3924 inlr·

259 3965 328 4003 notat
336 3951 440 4002 'Creven
461 3952 493 3999 ob
512 3953 611 4000 nimiam
624 3951 766 4002 brevitatem
810 3952 842 3999 ad
855 3969 909 4016 cap.
921 3955 962 4009 34.
975 3955 1089 4002 Nostram
1102 3967 1215 4003 caeterum
1230 3954 1316 4004 lectio·

258 4031 406 4080 obscuriora.
415 4015 537 4098 Ris'clar'e
548 4021 657 4078 narratur
666 4047 719 4096 cap.
732 4031 765 4079 33
810 4045 866 4078 nem
880 4033 1000 4080 Hearnius
1017 4043 1118 4084 testatur
1133 4049 1159 4082 se
1172 4035 1198 4082 in
1211 4049 1263 4084 uno
1273 4036 1317 4084 MS

255 4103 469 4170 hujuslibri.En.'
531 4097 538 4138 .'
547 4100 552 4122 ⁴
646 4101 690 4130 ²¹³
810 4111 991 4172 reperisse-..Eu
