2982 4702
211 384 335 492 llll}
376 483 377 486 Ν
457 405 606 472 ursus
636 391 774 473 xmv.
803 407 907 472 cte.
931 405 972 472 v.
1186 431 1249 503 ¹:⁷7

119 523 120 526 '
183 529 336 599 stridore
360 551 533 624 pavorem
559 527 764 623 ingentem,
783 526 1078 622 equis'maxime,
1098 527 1252 601 incutie-
1313 619 1316 624 Ι

183 639 291 728 bant,
314 637 432 730 donec
451 635 665 706 traducendi
688 653 749 706 eos
772 637 863 706 ratio
887 637 974 706 inita
993 652 1056 708 est.
1083 641 1150 707 Per
1167 663 1254 736 pro-

183 749 295 838 clive,
323 762 470 845 sumpto
499 745 662 842 fastigi0,
690 746 791 843 longi
820 745 895 816 duo
922 747 1030 817 validi
1056 773 1190 822 asseres
1211 777 1254 822 ex

183 857 355 930 inferiore
378 871 480 956 parte
503 858 660 952 interra
685 853 946 953 deligebantur,
971 855 1142 930 distantes
1158 861 1253 933 inter

185 994 222 1040 se
246 967 356 1065 paulo
379 967 482 1065 plus,
505 990 615 1063 quam
639 980 776 1061 quanta
795 963 925 1036 belluae
949 965 1102 1037 latitudo
1122 983 1185 1050 est.
1210 976 1254 1040 In

184 1103 247 1150 eos
261 1079 455 1149 transversi
469 1075 721 1147 incumbentes
737 1076 840 1173 tigni,
850 1073 896 1146 ad
908 1076 1066 1146 tricenos
1079 1077 1178 1176 longi
1193 1089 1254 1177 pe'-

183 1188 264 1277 dee,
280 1204 322 1260 ut
334 1213 427 1286 pons
441 1201 553 1274 esset,
568 1185 863 1282 injungebantur,
881 1185 1089 1282 humusque
1104 1190 1254 1287 insuper

183 1298 423 1393 injiciebatur.
454 1297 600 1367 Modico
633 1295 764 1368 deiude
790 1295 884 1367 infra
913 1297 1101 1368 intervallo
1129 1301 1254 1372 similis

183 1410 274 1480 alter
291 1434 384 1507 pons
401 1435 408 1476 :
431 1406 515 1479 dein
534 1407 661 1500 tertius
679 1421 715 1478 et
731 1408 854 1504 plures
873 1432 917 1478 ex
936 1406 1083 1494 ordine,
1099 1435 1173 1505 qua
1191 1437 1253 1482 ru·

183 1544 249 1616 pes
274 1518 441 1589 abseisae²
466 1532 591 1603 erant,
618 1515 766 1588 fiebant.
796 1517 918 1596 Solido
941 1514 1162 1616 procedebat
1182 1520 1256 1593 ele·

184 1629 327 1728 phasin
342 1641 491 1725 pontem
509 1653 516 1695 ε
538 1627 641 1721 cujus
656 1627 882 1724 priusquam
898 1628 938 1697 in
954 1642 1156 1700 extremum
1173 1655 1256 1728 pro-

184 1739 346 1824 cederet,
366 1739 510 1810 succisis
534 1736 713 1809 asseribus
734 1737 912 1835 collapsus
933 1762 1045 1834 pons,
1068 1765 1184 1836 usque
1206 1743 1254 1812 al·

183 1854 295 1923 terius
312 1853 456 1922 initium
475 1851 597 1947 pontis
610 1845 638 1936 3,
661 1847 803 1946 prolabi
824 1874 909 1919 eum
935 1842 1064 1920 leniter
1089 1850 1252 1948 cogebat.

182 1962 251 2033 Alii
274 1961 455 2060 elephanti
477 1958 633 2057 pedibus
653 1960 878 2044 insistentes,
900 1959 959 2030 alii
982 1959 1151 2032 clunibus
1171 1963 1255 2035 sub·

183 2057 363 2160 sidentes,
390 2069 699 2168 prolabebantur:
726 2068 791 2139 ubi
814 2069 981 2166 planities
1004 2070 1114 2140 altera
1133 2076 1256 2167 pontis

184 2183 381 2280 excepisset
404 2205 485 2276 eos,
509 2204 635 2250 rursus
660 2179 765 2249 simili
790 2182 895 2248 ruina
923 2177 1104 2249 inferioris
1132 2183 1255 2276 pontis

184 2291 457 2374 deferebantur,
477 2289 595 2360 donec
612 2287 657 2359 ad
676 2289 874 2385 aequiorem
891 2287 1020 2358 vallem
1037 2306 1253 2385 perventum

183 2391 246 2472 est.
267 2401 393 2472 Paullo
417 2401 499 2498 plus
525 2414 663 2498 septem
687 2399 796 2468 millia
821 2398 879 2468 die
896 2402 1050 2469 Romani
1068 2397 1254 2496 processe-

183 2527 290 2601 runt,
309 2503 498 2582 minimum
520 2509 674 2609 pedibus
697 2509 833 2580 itineris
852 2507 1069 2580 confectum.
1090 2510 1252 2584 Plerum-

184 2647 255 2718 que
274 2619 531 2718 provolventes
550 2645 588 2691 se
609 2619 716 2689 simul
735 2643 817 2690 cum
835 2620 943 2689 'armis
959 2619 1109 2716 aliisque
1130 2625 1250 2694 oneri-

183 2731 272 2817 bus,
286 2733 487 2808 cumomni
500 2756 630 2829 genere
644 2730 859 2814 vexationis,
875 2745 1145 2826 processerunt3
1160 2733 1250 2805 adeo

184 2854 225 2910 ut
239 2865 285 2910 ne
301 2840 376 2910 dux
390 2841 538 2937 quidem
552 2855 588 2912 et
602 2855 727 2910 auctor
737 2839 876 2910 itineris
893 2837 1124 2927 inficiaretur,
1142 2831 1251 2937 parva

182 2975 292 3022 manu
317 2950 430 3024 deleri
456 2975 602 3022 omnem
633 2949 828 3020 exercitum
859 2950 1030 3044 potuisse.
1059 2953 1174 3021 Nocte
1204 2952 1250 3023 ad

184 3062 361 3134 modicam
381 3061 566 3159 planitiem
585 3071 850 3156 pervenerunt3
870 3081 1011 3152 neque,
1035 3081 1079 3126 an
1099 3056 1249 3134 infestus

182 3174 212 3244 is
230 3173 332 3245 locus
352 3187 444 3244 esset
453 3175 621 3268 4,‘septus
638 3166 821 3264 undique,
841 3167 1151 3263 circumspiciendi
1170 3195 1248 3268 spa-

182 3433 255 3480 quee
269 3428 347 3477 tem,
359 3419 386 3465 in
399 3435 447 3481 qua
456 3435 488 3466 εχ
499 3418 613 3466 interiore
622 3428 691 3482 purte
736 3413 815 3460 altera
824 3411 919 3475 pontis,
931 3411 1029 3472 alterius
1039 3413 1140 3475 pontis3
1149 3415 1247 3464 vidend

183 3494 346 3559 defigebatur,
357 3509 489 3561 assurgeret
498 3498 524 3545 in
535 3509 635 3547 rectum.
645 3500 691 3545 Eu.
735 3495 761 3552 Ι,
777 3507 805 3550 1,
818 3507 843 3538 n.
856 3491 997 3539 6·-Paul⁰
1005 3491 1063 3554 plus
1074 3508 1147 3554 quam
1156 3507 1246 3558 septem

182 3567 310 3628 —Quam
329 3579 439 3631 quauta,·
461 3569 517 3618 vide
535 3570 567 3616 ad
586 3571 690 3627 xxvi,
735 3570 812 3618 millia
825 3582 939 3634 passuum
951 3569 1005 3626 die,
1017 3586 1061 3634 per
1070 3571 1135 3618 diem
1143 3571 1183 3637 (ut
1191 3589 1248 3622 con-

186 3660 231 3708 19,
240 3662 267 3693 n.
280 3662 304 3693 a.
734 3663 772 3700 tra
781 3649 942 3715 mortuom),
952 3649 1057 3698 Romani
1067 3665 1245 3712 processerunt,

218 3740 242 3771 α.
256 3725 311 3786 Qua
322 3741 392 3789 rupes
401 3725 520 3784 obscum
530 3728 586 3774 vide
598 3727 629 3774 ad
641 3729 691 3783 111,
733 3729 781 3778 nisi
792 3744 848 3776 cum
861 3729 939 3775 Gron.
951 3727 999 3791 leg.
1010 3744 1040 3774 eo
1051 3726 1099 3776 die.

185 3819 232 3864 70,
242 3820 268 3850 n.
282 3820 310 3862 a,
320 3815 345 3852 et
357 3807 403 3862 tv,
418 3820 466 3866 19,
477 3822 503 3854 n.
518 3806 687 3864 5.-Sotid0,
770 3815 795 3862 4.
804 3809 847 3854 An
868 3805 967 3870 infestus
982 3805 1002 3852 r's
1017 3807 1083 3854 locus
1098 3819 1157 3854 esset
1164 3827 1175 3866 ;
1189 3811 1246 3858 vide

181 3882 209 3930 in
227 3883 321 3944 solido,
332 3883 401 3947 quod
418 3900 472 3949 cop.
486 3885 600 3947 9stabr‘le
613 3887 691 3933 solum
735 3887 767 3934 ad
778 3889 801 3942 1,
814 3903 837 3945 7,
847 3902 873 3934 u.
884 3903 908 3946 7,
921 3896 946 3931 et
954 3886 1174 3948 xxxtx,29,n.
1185 3889 1246 3937 3..-

182 3960 279 4010 dicitur.
738 3968 766 4012 In
779 3976 829 4011 tam
841 3978 902 4011 cava
914 3963 996 4020 valle,
1008 3963 1062 4011 scil.
1075 3979 1146 4027 qnam
1158 3967 1185 4014 in
1198 3985 1247 4031 qua
1301 4027 1312 4036 -

219 4040 242 4086 3.
255 4043 333 4104 Usque
344 4041 375 4090 tul
386 4043 486 4091 alterius
497 4042 593 4090 initium
600 4045 690 4106 pontis.
737 4043 894 4092 substiterant
907 4042 989 4105 priore
1004 4042 1043 4090 die
1056 4059 1084 4090 ac
1102 4057 1183 4096 nocte.
1198 4049 1249 4096 Sed

182 4144 218 4154 -
239 4116 362 4176 clunibus,
382 4122 410 4168 in
430 4122 520 4172 clunes.
535 4121 693 4173 —Plarrities
738 4123 800 4172 lorte
813 4123 860 4188 leg.
874 4122 899 4170 in
912 4137 1020 4169 concava
1030 4123 1104 4171 valle.

282 4207 385 4276 VIII.
1061 4233 1101 4278 12
