2972 4720
208 353 332 454 tta:
372 375 464 440 mn.
488 375 609 444 xnn.
627 363 746 446 'can
774 381 912 448 stru
940 381 1077 469 xnrv,
1197 377 1242 474 75

178 497 384 566 societatem
399 520 482 566 eum
499 522 584 594 rege
596 483 698 596 jungi
718 501 965 602 displicuisset.
988 503 1097 572 Primi
1117 528 1137 572 a
1156 502 1244 575 Che-

176 630 290 676 ronea
303 607 428 705 legati,
443 606 573 680 deinde
591 634 612 678 a
629 610 782 700 Thebis,
800 615 837 682 in
858 614 936 710 ipso
954 615 1080 683 itinere
1093 609 1107 655 ⁵
1122 639 1244 685 occur-

178 731 323 801 rerunt,
347 714 567 806 affirmantes
591 744 665 790 non
690 720 893 793 interfuisse
914 747 972 808 se,
996 747 1071 819 quo
1094 725 1244 795 societas

176 851 219 896 ea
237 825 382 898 decreta
399 842 511 914 esset,
532 830 705 919 concili03
729 831 810 928 quis
828 832 953 929 legati,
970 833 1072 902 nullo
1090 834 1127 902 in
1151 857 1241 929 prae-

175 939 292 1008 sentia
315 961 489 1036 responso
515 938 619 1023 dato,
644 940 851 1012 Chalcidem
869 966 907 1011 se
925 943 1028 1037 sequi
1047 943 1239 1035 jusserunt.

176 1045 310 1118 Thebis
324 1071 454 1143 magna
471 1053 656 1122 contentio
675 1067 753 1122 orta
777 1067 853 1124 erat
877 1077 922 1123 ex
946 1053 1015 1122 alio
1034 1053 1238 1124 certamine.

175 1159 337 1228 Comitiis
350 1161 525 1255 praetoriis
537 1165 744 1232 Boeotorum
761 1163 853 1232 victa
867 1185 967 1258 pars,
982 1162 1147 1256 injuriam
1161 1185 1240 1257 pcr-

175 1293 351 1365 sequens‚
377 1283 497 1340 coacta
522 1270 753 1342 multitudine
776 1272 962 1342 decretum
987 1268 1070 1342 fecit
1086 1268 1239 1350 Thebis,

174 1403 221 1449 ne
236 1379 454 1450 Boeotarchae
467 1378 621 1451 urbibus
634 1384 891 1478 reciperentur.
909 1381 1057 1452 Exsules
1070 1380 1240 1477 Thespias

173 1490 330 1560 universi
348 1507 626 1562 concesserunt:
650 1491 733 1562 inde
752 1493 913 1589 (recepti
937 1493 1033 1562 enim
1052 1491 1127 1562 sine
1149 1514 1238 1561 cun-

72 1583 75 1592 ’
172 1600 327 1670 ctatione
346 1601 470 1696 erant)
491 1600 651 1688 Thebas,
668 1603 741 1696 jam
757 1605 901 1674 mutatis
917 1603 1063 1689 animis,
1082 1604 1237 1672 revocati

171 1709 357 1780 decretum
376 1707 526 1796 faciunt,
544 1724 586 1782 ut
604 1711 815 1799 duodecim,
830 1715 895 1808 qui
910 1713 1037 1809 privati
1052 1727 1186 1783 coetum
1201 1725 1237 1780 et

171 1819 363 1890 concilium
397 1819 627 1906 habuissent,
656 1822 781 1893 exsilio
814 1823 1082 1892 mulctarentur.
1110 1825 1235 1891 Novus

171 1927 303 2000 deinde
315 1944 446 2027 praetor
460 1931 650 2026 (Ismenias
664 1935 694 2003 is
709 1949 803 2019 erat,
819 1936 871 2002 vir
884 1932 1015 2003 nobilis
1030 1956 1070 2002 ac
1081 1931 1233 2029 potens)

171 2041 328 2136 capitalis
346 2065 462 2140 poenae
481 2039 645 2113 absentes
665 2067 727 2114 eos
752 2043 898 2114 decreto
918 2042 1076 2112 damnat.
1096 2040 1234 2112 Chalci·
1259 2111 1268 2124 ,

169 2149 253 2220 dem
271 2147 462 2246 fugerant:
488 2150 572 2222 inde
593 2151 637 2223 ad
661 2157 844 2224 Romanos
866 2155 1037 2223 Larissam
1058 2149 1232 2249 profecti,

167 2283 309 2348 causam
331 2284 415 2332 cum
440 2266 570 2333 Perseo
597 2264 775 2334 societatis
800 2267 836 2333 in
863 2264 1053 2334 Ismeniam
1073 2260 1234 2342 contule·

167 2386 259 2442 rant.
274 2375 326 2441 Ex
346 2373 579 2444 contentione
596 2389 717 2445 ortum
736 2370 949 2445 certamen⁶.
969 2374 1167 2467 Utriusque
1182 2386 1232 2440 ta-

167 2505 251 2550 men
268 2483 382 2579 partis
407 2481 512 2579 legati
536 2484 581 2555 ad
606 2488 786 2556 Romanos
809 2498 1005 2571 venerunt,
1030 2499 1066 2554 et
1090 2483 1245 2554 exsules-

166 2607 463 2690 aocusatoresque
484 2595 664 2683 Ismenia,
684 2612 721 2667 et
737 2597 907 2666 Ismenias
923 2597 1010 2692 ipse.

213 2707 334 2773 XLIV.
354 2701 561 2794 Chalcidem
580 2721 623 2775 ut
643 2717 816 2775 ventum¹
842 2720 915 2786 est,
939 2703 1089 2774 aliarum
1109 2703 1225 2772 civita·

164 2813 254 2881 tium
277 2813 476 2910 principes,
494 2811 532 2884 id
554 2815 655 2912 quod
674 2817 827 2887 maxime
848 2830 986 2913 gratum
1007 2829 1083 2884 erat
1100 2818 1229 2883 Roma·
1296 2817 1300 2828 '

164 2921 241 3009 nis»,
268 2946 335 2991 suo
361 2924 499 3020 quique
527 2927 676 3021 proprio
708 2924 854 2997 decreto
877 2926 996 2995 Persei
1021 2926 1227 2994 societatem

198 3160 221 3208 5.
233 3162 262 3206 In
272 3160 324 3226 ipso
331 3161 416 3208 itinere
425 3163 559 3227 legatorum
568 3167 623 3215 scil.
634 3183 671 3215 ro·
714 3183 745 3214 ue
755 3168 816 3232 jura
833 3167 930 3232 hospitii
944 3184 1024 3214 secum
1031 3201 1039 3224 ,
1054 3183 1101 3214 neu
1116 3183 1170 3214 cum
1181 3186 1225 3234 po·

161 3255 288 3286 manorum
301 3254 456 3290 occurrerunt
465 3243 505 3292 iis.
516 3271 552 3280 ·-
568 3245 628 3308 Quis
637 3247 670 3293 le·
711 3247 772 3310 pulo
779 3263 881 3294 mmano
889 3246 957 3294 inite
964 3245 1084 3294 societatis
1083 3245 1223 3312 sallat.En.

158 3317 225 3382 gaci,
248 3320 315 3366 nullo
342 3319 367 3366 in
393 3321 528 3384 praesentia
555 3341 669 3388 responso
750 3326 774 3372 6.
785 3328 827 3373 Ex
836 3326 989 3373 contentione
1002 3337 1081 3374 ortum
1094 3338 1222 3376 certamen.

160 3395 235 3454 dato,
259 3398 285 3445 C.
300 3415 325 3466 se
345 3401 413 3464 sequi
427 3400 571 3464 jusserunt‚·
594 3404 669 3453 immo
714 3407 773 3452 Haec
784 3405 833 3454 alio
844 3393 979 3454 charactere
988 3406 1065 3455 edidit
1074 3407 1223 3470 Crev.,tan-

160 3491 221 3538 quos
238 3477 327 3542 legati,
341 3491 388 3528 etc.
402 3479 479 3529 Gron.
492 3481 565 3543 Quis,
579 3483 666 3548 legati,
713 3500 786 3546 quam
803 3485 867 3533 dluta
885 3486 916 3533 ab
935 3486 1059 3534 exsulibus
1078 3486 1178 3536 Boeotis.
1200 3489 1221 3534 Ii

158 3555 242 3611 nullo,
259 3567 304 3604 etc.
317 3558 469 3621 interpunxit
480 3561 602 3609 Drakeub.
612 3563 668 3623 jun·
712 3579 799 3627 nempe
808 3563 990 3628 significant,ex
1000 3567 1157 3614 contentione
1167 3583 1221 3630 quau

158 3649 217 3696 gens
229 3635 283 3696 quis
299 3636 365 3684 uallo
383 3651 495 3699 responso
508 3639 576 3690 dato.
596 3641 667 3690 Coni.
713 3642 790 3690 fuerat
800 3644 865 3691 inter
877 3645 945 3709 ipsos
956 3657 980 3692 et
994 3645 1122 3692 Ismeniam
1139 3644 1168 3692 tle
1182 3663 1221 3694 so·

157 3713 188 3760 ad
210 3729 264 3777 cap.
283 3717 332 3772 28,
348 3731 372 3762 u.
396 3732 418 3764 1.
432 3744 467 3752 -
483 3718 589 3768 Causam
614 3738 668 3770 curn
712 3721 866 3769 cietatecum
881 3726 980 3784 Perseo,
993 3735 1072 3770 ortum
1085 3734 1221 3780 certamen,

156 3793 245 3838 Perseo
254 3792 392 3852 societatis,
401 3807 447 3844 etc.
458 3797 557 3845 verbum
568 3801 668 3864 aliquod
712 3800 779 3864 quod
788 3817 818 3848 eo
827 3813 952 3866 eruperat,
962 3813 989 3849 ut
1000 3802 1060 3864 ipsis
1071 3803 1096 3847 in
1109 3802 1219 3850 exsilIum

156 3869 288 3932 excidisse,
308 3890 335 3920 ac
355 3875 483 3938 legendum
502 3894 552 3925 esse
566 3895 667 3930 causam
710 3878 777 3926 abice
787 3896 883 3926 necesse
898 3881 967 3927 foret.
980 3881 1024 3926 Eu.

66 4003 71 4012 Ι
156 3949 287 3996 initoecum
301 3954 532 4012 Perseosocietatis,
545 3958 665 4006 existimat
745 3960 905 4006 cmxliv,
921 3974 942 4003 1.
958 3957 1096 4004 Chalcidem
1114 3971 1140 4006 ut
1159 3977 1219 4008 ven·

155 4027 255 4074 Crever.
264 4064 271 4085 ,
279 4046 351 4092 quem
360 4034 464 4096 probare
473 4035 546 4082 Drak.
556 4037 662 4098 videtur,
710 4051 772 4093 trini,
784 4050 832 4086 etc.
845 4039 911 4085 conl.
922 4037 1009 4101 Polyb.
1022 4040 1135 4098 xxvfl,
1151 4057 1171 4088 1.

155 4106 245 4154 collato
256 4109 353 4167 xxlx,
363 4121 408 4169 at,
419 4113 497 4178 princ.
508 4127 588 4162 rnonet
597 4132 662 4170 eum,
743 4133 769 4165 a.
789 4117 841 4164 Nisi
853 4117 877 4163 in
897 4117 1006 4166 tribunal
1020 4117 1154 4182 legatorum
1162 4138 1220 4183 per·
