2984 4706
286 380 356 460 aa
577 403 582 422 ·
711 375 750 440 r.
782 375 921 440 nvn
1203 351 1323 461 atat:

284 513 418 596 quanta
436 498 604 568 Romanis
622 496 724 565 victis
742 518 824 564 eum
843 492 1029 580 manebat,
1051 497 1230 587 Eumenes
1249 495 1354 564 visu·

282 630 345 678 rus
359 605 475 704 fuerit
493 603 670 676 Cernebat
682 619 718 674 et
730 604 958 697 Persea,·jam
971 601 1055 673 inde
1070 601 1115 672 ab
1128 604 1232 673 initio
1245 603 1353 690 belii,

284 719 384 788 omni
410 716 521 786 modo
551 738 652 811 spem
675 716 771 810 pacis
797 727 972 798 tentasse,
998 728 1034 783 et
1058 714 1097 782 in
1121 713 1194 782 dies
1215 715 1351 810 magis,

283 851 360 922 quo
386 827 535 923 propior
560 823 811 894 admoveretur
831 838 964 910 terror,
987 822 1078 892 nihil
1101 847 1220 919 neque
1244 847 1354 920 agere

284 934 401 1022 aliud,
428 956 548 1029 neque
578 935 756 1029 cogitare:
775 937 957 1003 Romanos
978 959 1144 1030 qnoque,
1167 935 1252 1030 quia
1277 949 1353 1004 tra-

286 1049 430 1116 heretur
451 1045 585 1115 diutius
604 1067 666 1142 spe
687 1045 851 1140 ipsorum
870 1042 1025 1130 bellum,
1045 1058 1081 1114 at
1101 1045 1200 1139 ipsos
1218 1042 1351 1132 duces,

287 1171 323 1228 et
346 1171 530 1241 senatum,
557 1179 633 1224 non
659 1153 854 1225 abhorrere
880 1178 899 1224 a
926 1151 1089 1224 finiendo
1113 1168 1185 1224 tam
1210 1155 1351 1225 incom-

287 1266 399 1337 modo
414 1290 454 1338 ae
471 1264 609 1337 difficili
622 1263 731 1335 bello.
748 1269 822 1334 Hac
836 1265 1024 1360 utriusque
1038 1267 1149 1362 partis
1164 1266 1353 1336 voluntate
1394 1289 1400 1304 ·

287 1376 490 1474 explorata,
509 1373 608 1472 quod
624 1372 702 1446 fieri
718 1375 823 1444 etiam
842 1398 905 1444 sua
927 1388 1056 1471 sponte
1073 1373 1180 1443 taedio
1201 1374 1353 1444 validio-

287 1490 353 1572 ris,
372 1502 472 1558 metu
489 1486 692 1556 infirmioris
710 1483 879 1555 credebat
897 1508 1023 1581 posse,
1040 1487 1076 1553 in
1093 1508 1137 1554 eo
1151 1507 1252 1554 suam
1267 1509 1353 1582 ope·

288 1619 365 1668 ram
389 1595 571 1666 venditare
594 1593 817 1666 concilianda
840 1596 951 1689 gratia
978 1594 1087 1690 magis
1112 1595 1234 1690 cupiit.
1261 1599 1354 1666 Nam

289 1706 402 1776 modo
416 1731 461 1776 ne
471 1706 613 1800 juvaret
625 1703 723 1775 bello
739 1709 923 1774 Romanos
934 1719 1029 1776 terra
1043 1707 1225 1798 marique,
1241 1706 1352 1775 modo

287 1817 387 1914 pacis
418 1814 599 1912 patrandae
631 1838 712 1884 cum
744 1814 914 1884 Romanis
944 1812 1189 1911 paciscebatur
1219 1838 1352 1886 merce-

291 1925 374 1994 dem
384 1933 417 2010 23
435 1949 481 1993 ne
497 1923 594 1995 bello
610 1925 818 2009 interesset,
835 1922 932 1994 mille
947 1938 983 1994 et
998 1925 1194 2020 quingenta
1207 1925 1350 1996 talenta.

290 2039 332 2102 In
352 2021 509 2128 utroque
524 2057 598 2102 non
613 2031 722 2104 fidem
740 2035 850 2105 modo
866 2058 923 2121 se,
944 2033 1007 2104 sed
1022 2032 1165 2105 obsides
1183 2022 1352 2131 quoque,

292 2140 377 2215 dare
396 2155 560 2239 paratum
584 2167 681 2231 esse,
707 2142 928 2214 ostendebat.
956 2150 1106 2215 Perseus
1130 2144 1175 2214 ad
1202 2171 1278 2215 rem
1298 2148 1354 2217 in·

275 2250 493 2321 ‘choandam
513 2255 801 2350 promptissimus
820 2268 915 2338 erat,
940 2270 1090 2349 cogente
1112 2269 1232 2341 metu,
1252 2273 1287 2326 et
1309 2258 1353 2327 de
1439 2263 1443 2272 '

293 2361 479 2432 obsidibus
496 2363 711 2461 accipiendis
729 2366 805 2436 sine
824 2363 994 2436 dilatione
1014 2363 1157 2462 agebat,
1178 2391 1355 2438 convene-

293 2487 443 2568 ratque,
465 2488 506 2542 ut
524 2475 661 2571 accepti
679 2477 820 2544 Cretam
837 2476 1075 2545 mitterentur.
1096 2473 1168 2546 Ubi
1183 2475 1226 2545 ad
1244 2499 1355 2572 pecu-

224 2653 226 2658 .
295 2586 361 2654 niae
379 2587 604 2654 mentionem
622 2599 771 2655 ventum
790 2600 883 2672 erat,
903 2583 953 2654 ibi
967 2584 1164 2672 haesitabat,
1181 2601 1216 2656 et
1229 2585 1354 2682 ntique

296 2689 466 2766 alteram³
486 2697 524 2762 in
548 2695 638 2764 tanti
663 2697 819 2766 nominis
840 2695 987 2793 regibus
1011 2711 1154 2792 turpem
1175 2721 1216 2766 ac
1239 2695 1354 2767 sordi-

295 2802 400 2889 dam,
422 2816 457 2872 et
479 2803 600 2891 danti,
624 2818 660 2873 et
680 2806 790 2900 magis
811 2807 1021 2903 accipienti,
1042 2806 1244 2878 mercedem
1268 2831 1354 2878 esse.

296 2911 452 2985 Malebat
476 2915 513 2981 in
540 2936 641 3009 spem
659 2937 815 2984 romanae
834 2917 937 3011 pacis,
949 2939 1023 2985 non
1041 2939 1204 2986 recusare
1220 2918 1356 3014 impen-

296 3049 390 3110 sam,
410 3021 472 3094 sed
491 3046 570 3094 eam
586 3025 773 3120 pecuniam
793 3021 951 3126 perfecta
964 3050 1004 3096 re
1019 3025 1208 3114 daturum;
1222 3028 1356 3099 interea

296 3247 330 3309 ta)
343 3245 390 3292 tuit
406 3261 488 3310 regum
500 3245 639 3303 emulatio,
652 3257 719 3294 ut...
736 3247 804 3293 visu·
848 3249 911 3294 Tum
929 3247 1100 3296 scribendum:
1120 3248 1143 3294 in
1162 3259 1290 3310 utrumque
1309 3263 1354 3292 nori

296 3323 430 3388 rursuerit.
439 3325 500 3386 Quae
512 3335 647 3388 sequuntur
655 3324 712 3371 inde
725 3341 738 3372 a
750 3325 805 3372 Cer·
840 3325 921 3394 fidem
933 3327 1044 3376 ηιοιίο...
1059 3326 1354 3397 dare(utXXVIil,17;

296 3405 370 3451 nebat
380 3397 532 3466 respondent
541 3405 624 3452 alteri:
648 3418 726 3468 neque
742 3403 804 3450 helio
849 3407 941 3465 XXX,
958 3423 1001 3465 ra;
1014 3409 1129 3467 XXXH,
1143 3415 1191 3464 at,
1206 3407 1266 3469 3o);
1280 3405 1354 3451 Gron.

296 3500 350 3528 eum
364 3481 476 3529 invadere
489 3483 571 3530 animo
582 3480 695 3529 haberit».
706 3483 750 3529 En.
885 3487 909 3533 3.
932 3487 965 3532 Et
983 3485 1065 3550 utique
1083 3486 1186 3532 alterum
1194 3519 1202 3542 ,
1227 3494 1273 3534 etc·
1293 3484 1355 3531 coni.

332 3579 355 3608 2.
367 3560 438 3607 Pacis
448 3561 581 3623 patrandae
593 3578 647 3607 cnm
659 3563 686 3610 n.
697 3561 805 3624 pacisce·
849 3565 955 3629 Appian.
974 3565 990 3612 l,
1009 3565 1026 3612 l.
1042 3591 1077 3601 -·
1093 3564 1142 3610 Sed
1159 3579 1213 3610 eam
1226 3561 1355 3626 pecuniam

296 3641 369 3712 batur
386 3641 518 3687 mercedem
523 3657 532 3695 ,·
545 3639 601 3688 vide
615 3640 741 3701 nd‘XLIL
756 3641 804 3698 30,
848 3641 957 3709 perfecta
967 3660 993 3690 re
1004 3644 1132 3701 daturum,
1144 3655 1190 3692 etc.
1209 3643 1271 3690 forte
1284 3642 1354 3689 datra-

295 3737 320 3769 n.
335 3721 453 3768 6.-Ne
469 3719 530 3767 bello
550 3719 687 3776 interesset,
701 3717 805 3767 mille-er
850 3739 889 3770 rus
906 3733 931 3771 et
948 3739 1007 3769 mox
1026 3722 1192 3786 depositurus,
1213 3721 1251 3768 vel
1269 3720 1315 3768 sed
1332 3737 1355 3767 se

296 3801 320 3846 D
334 3799 442 3855 talenta,
457 3799 520 3846 forte
534 3815 565 3845 ex
577 3797 692 3862 Appiano
706 3795 804 3845 Maced.
851 3817 918 3857 eam,
927 3811 974 3849 etc.
986 3801 1025 3848 vel
1037 3801 1120 3865 potius
1131 3819 1180 3848 non
1193 3816 1306 3847 reeruare
1316 3800 1355 3847 im-

301 3879 345 3933 16,
362 3895 370 3922 1
387 3877 433 3940 leg.
452 3893 482 3924 ne
497 3877 558 3924 bello
570 3876 707 3934 interesset,
723 3875 806 3931 millu
847 3895 956 3943 pensam.
967 3882 997 3926 Se
1006 3896 1060 3926 eam
1064 3880 1209 3944 pecuniam,
1223 3890 1269 3927 etc.
1280 3877 1354 3926 Drak.

295 3954 365 4017 pacis
376 3955 538 4003 conciliandae
547 3971 623 4001 causa
633 3954 698 4002 mille
707 3967 730 4002 et
739 3956 762 4001 D
771 3965 807 4000 ta·
851 3985 885 3993 -
894 3957 1057 4006 Samothracae
1070 3958 1096 4005 in
1110 3959 1198 4022 templo
1210 3958 1235 4006 d.
1251 3950 1316 4005 conf.
1328 3957 1355 4004 ad

299 4033 365 4078 lenta
379 4034 414 4096 (b.
432 4045 477 4092 est,
493 4051 523 4080 ex
543 4034 639 4082 Crever.
659 4033 805 4090 rationibus,
852 4037 930 4095 xtv,
945 4037 977 4096 5,
993 4054 1018 4088 n.
1038 4055 1069 4099 a,
1082 4049 1105 4086 et
1118 4037 1149 4085 ad
1161 4037 1273 4086 Juvenal.
1288 4035 1358 4093 xlv,

298 4127 388 4157 marcas
395 4112 489 4174 argenti
497 4112 736 4171 nostratesrto,625.
744 4109 807 4174 En).
854 4107 912 4164 266.
922 4115 985 4164 Mox
995 4116 1042 4181 leg.
1053 4115 1087 4164 ibi
1096 4133 1128 4164 an
1139 4116 1230 4172 Pelloe5
1243 4115 1313 4164 Creu.
