2984 4706
197 357 319 464 2:533·
372 379 465 444 me.
492 379 627 446 xciv.
657 381 760 448 cae
788 383 890 448 xxi.
916 384 1039 451 xxn.
1163 409 1230 481 207
1290 441 1295 452 ,

170 523 295 569 eorum
308 497 411 584 velz't,
424 497 549 594 eligat,
566 515 601 568 et
612 516 670 585 ut,
681 500 821 570 solenni
832 503 1045 572 Latinarum
1050 505 1214 600 perficto
1221 559 1232 592 ,

169 613 208 679 L.
229 609 399 680 AEmilius
422 609 564 696 consul,
588 612 648 680 Co.
677 615 843 682 Octavius
859 613 1234 708 praecommonere

169 721 367 816 obtigisset,
395 727 432 790 iu
452 726 677 817 provinciam
692 716 981 818 proficiscantur.
1009 723 1160 796 Additus
1182 741 1235 797 est

169 828 225 900 his
248 832 374 900 tertius
393 835 433 903 L.
461 831 603 900 Anicius
623 831 895 927 praetor‚=cujus
916 833 1011 904 inter
1025 837 1234 932 peregrinos

166 940 370 1034 jurisdictio
393 955 478 1010 erat.
504 946 595 1010 Eum
625 943 661 1010 in
686 942 908 1039 provinciam
933 941 1114 1038 Illyricum
1142 946 1235 1016 circa

168 1049 397 1147 Lychnidum
421 1054 487 1148 Ap.
513 1050 663 1122 Claudio
686 1049 877 1121 succedere
900 1050 1045 1148 placuit.
1068 1053 1235 1126 Deiectus

169 1183 256 1229 cura
275 1165 313 1232 C.
333 1160 471 1232 Licinio
491 1159 632 1230 consuli
651 1161 827 1256 imposita.
849 1165 884 1230 ls
902 1176 1037 1258 septem
1061 1162 1170 1234 millia
1189 1166 1234 1234 ci·

164 1271 265 1355 §vium
281 1293 516 1340 romanorum
535 1284 572 1339 et
592 1271 732 1364 equites
746 1269 922 1340 ducentos
935 1268 1092 1340 scribere
1102 1271 1237 1364 jussus,

169 1394 206 1450 et
227 1379 331 1450 sociis
357 1380 514 1449 nominis
534 1378 633 1466 latini
655 1395 793 1476 septem
812 1379 923 1450 millia
939 1379 1102 1476 peditum
1119 1384 1235 1480 impe-

167 1513 267 1576 rare,
291 1490 571 1586 quadringentos
591 1491 751 1584 equites3
774 1504 811 1558 et
831 1493 895 1560 Cn.
913 1489 1063 1560 Servilio
1083 1490 1232 1562 Galliam

168 1596 347 1670 obtinenti
378 1599 598 1696 provinciam
633 1598 750 1668 literas
781 1597 946 1685 mittere,
977 1614 1018 1668 ut
1048 1617 1235 1674 sexcentos

167 1711 307 1804 equites
338 1707 590 1779 conscriberet.
625 1715 730 1778 Hunc
758 1710 956 1778 exercitum
986 1708 1032 1780 ad
1061 1711 1234 1808 collegam

167 1823 286 1917 primo
305 1843 454 1917 quoque
465 1834 630 1915 tempore
641 1819 782 1888 mittere
795 1819 833 1888 in
845 1818 1092 1890 Macedoniam
1102 1820 1231 1913 jussus.

167 1935 295 2027 Neque
307 1933 346 2000 in
358 1955 400 2002 ea
412 1929 595 2027 provincia
611 1927 693 2026 plus
709 1951 818 2025 quam
835 1928 923 1998 duas
936 1928 1118 2025 legiones²
1138 1956 1233 2016 esse;

167 2065 225 2112 eas
239 2040 390 2138 repleri,
406 2055 447 2109 ut
461 2063 546 2110 sena
558 2038 670 2112 millia
685 2038 869 2136 peditum,
883 2054 1046 2110 trecenos
1059 2040 1235 2112 haberent

167 2150 317 2246 equites.
340 2153 497 2222 Ceteros
516 2150 654 2245 equites
677 2147 890 2246 peditesque
907 2152 944 2219 in
965 2150 1139 2246 praesidiis
1162 2151 1234 2230 dis-

168 2262 265 2358 poni.
289 2262 362 2349 Qui
386 2283 512 2330 eorum
536 2259 657 2331 idonei
681 2259 726 2330 ad
745 2258 971 2331 militandum
996 2285 1071 2330 non
1095 2277 1233 2349 essent,

168 2369 308 2440 dimitti.
330 2374 463 2440 Decem
482 2386 653 2467 preterea
671 2371 780 2440 millia
800 2369 962 2467 peditum
982 2371 1156 2468 imperata
1175 2397 1234 2443 so·

165 2481 229 2551 ciis
246 2496 283 2550 et
299 2481 496 2577 octingenti
513 2481 664 2576 equites.
683 2481 724 2552 Id
741 2479 894 2578 praesidii
911 2479 1073 2552 additum
1092 2483 1231 2570 Anicio,

167 2607 294 2689 preater
319 2590 407 2661 duas
433 2591 612 2687 legiones,
640 2615 730 2688 quas
754 2606 898 2688 portare
922 2593 960 2660 in
985 2592 1232 2664 Macedoniam

167 2717 221 2772 est
231 2703 373 2796 jussus,
389 2703 500 2798 quina
512 2702 623 2775 millia
637 2701 800 2800 peditum
814 2718 851 2772 et
864 2701 1024 2774 ducenos
1038 2702 1232 2792 habentes,

165 2828 330 2884 trecenos
346 2814 508 2908 equites:
530 2828 566 2883 et
589 2815 625 2881 in
648 2812 793 2882 classem
814 2813 977 2908 quinque
999 2811 1110 2882 millia
1128 2837 1232 2882 nava-

166 2920 261 2993 lium.
274 2925 410 2993 socium
431 2936 514 2992 sunt
539 2923 679 3018 scripta.
701 2923 858 3022 Licinius
876 2922 1002 2991 consul
1020 2920 1162 2992 duabus
1182 2922 1231 2992 le-

164 3029 333 3128 gionibus
353 3029 518 3114 obtinere
540 3023 759 3126 provinciam
782 3030 929 3123 jussus:
956 3055 1000 3100 eo
1021 3027 1153 3116 addere
1173 3056 1232 3114 so-

165 3141 304 3210 ciorum
322 3139 445 3210 decem
466 3139 577 3210 millia
593 3139 756 3236 peditum
776 3155 812 3212 et
830 3155 1015 3210 sexcentos
1032 3142 1181 3236 equites.
1218 3199 1220 3204 .

214 3253 322 3320 XXII.
341 3248 664 3320 Senatusconsultis
677 3247 859 3346 perfectis,
876 3251 915 3318 1..
931 3249 1090 3320 AEmilius
1105 3253 1232 3323 consul

165 3385 185 3430 e
207 3361 311 3430 curia
329 3360 367 3428 in
391 3361 602 3431 concionem
620 3361 815 3458 processit,
836 3361 1108 3458 orationemque
1126 3363 1233 3436 talem

164 3466 310 3539 hahuit:
331 3499 348 3532 ι(
363 3468 664 3540 Animadvertisse
685 3469 828 3558 videor,
854 3471 1034 3560 Quirites,
1057 3473 1228 3566 majorem

164 3607 180 3640 «
195 3575 304 3676 mihi,
325 3581 452 3650 sortito
475 3580 722 3652 Macedoniam
751 3583 995 3679 provinciam,
1021 3583 1230 3678 gratulatio-

164 3717 180 3751 «
196 3711 277 3757 nem
297 3687 442 3776 factam,
462 3714 570 3785 quarn
589 3716 703 3787 quum
720 3706 781 3761 aut
799 3691 925 3762 consul
939 3715 1052 3762 essem
1070 3693 1229 3763 consalu·

199 3965 224 3994 α.
237 3948 305 3993 Duas
324 3947 427 4012 legiones
447 3957 511 4003 esse,
532 3961 565 3994 se.
582 3949 673 4007 justum
719 3949 807 4004 ricem,
828 3959 855 3996 ut
877 3947 989 3995 observat
1009 3949 1148 4006 Creverins,
1168 3965 1226 4013 pro·
1288 3943 1291 3956 ¹

163 4037 210 4084 est,
232 4041 274 4074 scu
291 4027 435 4090 placuit-
447 4028 513 4090 Quos
529 4029 674 4090 portaretis
718 4029 790 4076 hante
805 4029 921 4091 Doering.
939 4029 998 4074 Haec
1017 4029 1080 4076 euim
1099 4029 1225 4090 provincia

164 4105 338 4154 Macedoniam
349 4105 487 4170 estjussus,·
499 4106 574 4153 immo
585 4105 609 4153 in
619 4107 675 4168 Illy·
719 4108 808 4156 Anicio
820 4106 949 4168 obtigerat.
958 4107 1003 4153 Eo.
