2984 4706
230 343 347 446 gjgsgggj
418 363 569 432 clean
598 363 734 430 nuru.
760 364 867 430 car.
895 364 1095 430 xxxin.-
1143 439 1151 448 ,
1195 362 1258 432 231

203 487 326 571 matis,
339 509 411 582 qua
424 486 461 554 in
476 484 685 556 ulteriorem
699 484 813 581 ripam
828 484 975 554 minime
989 484 1136 580 iniquus
1149 508 1267 556 ascen·

203 621 264 668 sus
285 610 389 668 esset.
414 595 478 666 His
500 596 582 665 satis
605 593 816 693 exploratis,
838 592 898 664 illa
918 618 1066 690 quoque
1086 596 1265 691 primum,

202 721 245 778 ut
263 706 390 782 ordine
408 730 449 776 ac
466 706 542 776 sine
556 704 715 775 tumultu
729 705 850 774 omnia
863 705 902 774 in
917 705 1055 801 agmine
1072 702 1116 775 ad
1135 721 1265 776 nutum

202 819 469 915 imperiumque
482 815 582 886 ducis
601 812 746 899 fierent,
762 810 929 911 providit.
947 812 1019 885 Ubi
1037 812 1205 886 omnibus
1222 816 1267 884 si·

201 926 279 996 mul
292 928 598 1024 pronuntiaretur,
619 923 721 1021 quod
739 923 859 1013 fieret,
874 948 993 1020 neque
1013 947 1139 996 omnes
1159 949 1266 998 exau·

202 1035 341 1119 dirent;
359 1037 496 1107 incerto
516 1035 670 1132 imperio
682 1050 852 1132 accepto,
867 1034 972 1121 alios,
987 1032 1033 1104 ab
1048 1059 1085 1106 se
1100 1033 1264 1130 adjicien·

201 1160 256 1216 tes
265 1147 292 1235 l,
305 1145 386 1243 plus
401 1169 463 1233 ec,
478 1145 578 1242 quod
591 1145 809 1242 imperatum
822 1146 879 1230 sit,
894 1145 981 1216 alios
995 1147 1114 1217 minus
1127 1144 1261 1218 lacere:

202 1256 378 1327 clamores
390 1255 521 1326 deinde
534 1256 699 1327 dissonos
717 1257 804 1326 oriri
816 1255 985 1328 omnibus
998 1257 1100 1340 locis,
1116 1272 1152 1328 et
1164 1259 1265 1355 prius

202 1365 345 1450 hostes,
367 1391 475 1464 quam
494 1369 612 1464 ipsos,
633 1367 720 1462 quid
740 1382 899 1464 paretur,
920 1367 1020 1438 scire.
1043 1366 1184 1438 Placere
1204 1368 1267 1465 igi-

201 1491 275 1562 tur,
290 1475 475 1548 tribunum
487 1472 501 1518 ⁵
515 1476 671 1555 militum
689 1475 806 1573 primo
825 1476 900 1573 pilo
921 1475 1070 1573 legionis
1088 1491 1264 1546 secretum

202 1586 307 1657 edere
326 1587 537 1684 imperium:
555 1586 656 1656 illurn
675 1600 710 1656 et
727 1584 809 1658 dein
833 1586 992 1682 singulos
1006 1588 1173 1682 proximo
1190 1588 1264 1656 cui·

201 1697 327 1792 quein
346 1694 474 1766 ordine
490 1696 694 1766 centurioni
708 1693 848 1782 dicere,
865 1695 955 1792 quid
972 1719 1065 1793 opus
1084 1693 1179 1766 sacto
1200 1697 1264 1781 sit;

201 1807 274 1876 sive
289 1809 445 1903 aprimis
459 1808 567 1903 signis
585 1804 630 1876 ad
643 1807 877 1878 novissimum
894 1831 1041 1903 agmen,
1054 1809 1128 1880 sive
1142 1806 1188 1878 ah
1203 1831 1264 1879 ex·

201 1917 324 1988 tremis
342 1917 385 1989 ad
406 1918 541 2015 primos
565 1915 820 2015 perferendum
840 1919 1032 2016 imperium
1057 1922 1110 1990 sit.
1133 1919 1264 2016 Vigiles

200 2031 307 2099 etiam
321 2035 417 2099 nevo
430 2053 530 2099 more
541 2042 684 2100 scutum
696 2029 735 2100 in
748 2030 902 2126 vigiliam
917 2027 1011 2100 ferre
1021 2027 1172 2101 vetuit⁶z
1189 2055 1262 2101 non

200 2139 298 2208 enim
319 2139 356 2207 in
372 2161 530 2236 pugnam
549 2137 693 2235 vigilem
710 2139 780 2226 irc,
801 2152 842 2238 ut
858 2141 964 2209 armis
982 2153 1116 2225 utatur,
1135 2139 1198 2211 sed
1217 2139 1261 2210 ad

200 2248 441 2345 vigilandum,
466 2263 525 2334 ut,
550 2273 663 2345 quum
689 2250 839 2321 senserit
861 2249 1020 2325 hostium
1046 2248 1260 2337 adventum,

200 2360 349 2457 recipiat
366 2383 424 2441 se,
450 2360 653 2456 excitetque
680 2359 725 2432 ad
750 2384 848 2430 arma
873 2359 971 2432 alios.
995 2365 1104 2432 Scuto
1127 2385 1200 2458 prae
1223 2385 1260 2432 se

199 2483 321 2540 erecto
345 2483 435 2542 stare
450 2468 649 2566 galeat0s73
676 2467 807 2541 deinde
823 2468 887 2539 ubi
910 2467 991 2542 sessi
1014 2472 1101 2556 sint,
1126 2471 1260 2540 inuisos

200 2581 297 2678 pilu,
327 2581 441 2677 capite
472 2604 580 2677 super
610 2581 808 2677 marginem
838 2583 929 2652 scuti
960 2583 1097 2676 posito,
1125 2581 1260 2678 sopitos

199 2704 312 2775 stare,
334 2704 374 2761 ut
394 2687 615 2788 fulgentibus
634 2691 737 2764 armis
757 2691 886 2789 procul
910 2691 1069 2788 conspici
1088 2689 1134 2762 ab
1155 2689 1259 2762 hoste

200 2801 359 2902 possint,
377 2800 444 2897 ipsi
459 2799 548 2869 nihil
566 2799 787 2897 provideant.
807 2802 1006 2871 stationum
1024 2825 1174 2896 quoque
1187 2826 1261 2871 mo·

235 2997 258 3041 t.
271 2988 354 3044 Alios,
366 2988 398 3035 ab
410 3003 436 3036 se
447 2987 533 3053 (ipsos
544 3003 588 3051 per
602 3004 626 3034 se
638 2987 647 3051 )
660 2988 706 3034 ad·
750 2989 845 3045 uetuit,·
860 2989 901 3035 hic
920 2989 1008 3036 iterum
1025 3003 1038 3033 a
1057 2987 1128 3034 Livio
1148 2987 1256 3036 diversus

192 3064 319 3129 ficientes,
330 3082 366 3114 sc.
378 3077 515 3131 praecepto,
527 3065 595 3128 quod
605 3082 657 3112 nou
668 3081 707 3112 ex·
750 3067 873 3116 Plutarch,
886 3067 979 3116 bustam
992 3082 1038 3130 pro
1057 3077 1127 3114 scuto
1140 3079 1257 3115 memorat

198 3144 308 3220 auditpm
319 3157 383 3203 erat,
397 3143 569 3207 coniectando,
582 3144 618 3192 vel
629 3147 707 3209 suspi-
750 3147 776 3194 in
785 3145 897 3205 AEmilio,
907 3148 957 3196 loc.
966 3145 1031 3194 laud.
1043 3141 1088 3204 τὰς
1103 3139 1133 3196 «ll
1150 3164 1257 3215 νυκτερι-

198 3223 290 3282 cando;
298 3227 356 3273 Em.
750 3224 915 3286 virciniacum
928 3223 1034 3295 φυλακὰς
1049 3225 1104 3276 ἄνευ
1114 3225 1203 3293 λόγχης
1217 3245 1257 3294 φυ-

126 3361 130 3370 }
234 3303 258 3350 5.
277 3304 378 3352 Placere
396 3303 477 3368 r'gt'ntr,
504 3302 641 3358 tribunum,
658 3314 704 3352 etc.
735 3305 922 3367 'tietmare

198 3383 257 3432 uEx
274 3384 329 3448 ipso
342 3382 367 3431 h.
389 3384 409 3431 l.
428 3393 509 3447 patet,
529 3382 559 3444 de
582 3381 705 3445 imperiis,
785 3402 810 3446 7,
824 3387 896 3433 Sento
903 3402 958 3448 proe
970 3401 1023 3432 see.
1037 3395 1102 3432 stare
1111 3385 1164 3448 gal.
1177 3385 1255 3432 scilic.

198 3477 252 3526 quae
268 3463 300 3510 ad
320 3464 367 3511 iter
383 3475 408 3512 et
423 3479 508 3527 agmen
534 3463 704 3528 pertinebant,
746 3465 835 3526 jussit,
855 3483 868 3512 e
887 3481 962 3528 praec.
983 3466 1065 3512 voterit.
1085 3464 1157 3512 Conf.
1175 3464 1207 3513 ad
1225 3466 1254 3521 1,

196 3543 705 3607 agi,uondeorpuibns,etiamquoemi·
751 3546 799 3602 33,
818 3563 845 3595 n,
867 3563 889 3604 7.
908 3545 1019 3592 Alterum
1035 3555 1101 3592 stare
1118 3559 1170 3590 non
1193 3560 1256 3607 opus

196 3621 235 3674 liti
243 3622 270 3672 in
283 3622 367 3670 eastris
375 3623 482 3670 manenti
493 3621 620 3681 dabantur,
634 3623 703 3686 quod
748 3634 799 3672 erat
812 3624 882 3681 addi;
898 3623 989 3671 Duker.
999 3650 1033 3660 -
1044 3626 1102 3672 Non
1115 3622 1168 3670 vult
1180 3623 1254 3672 Doer.

196 3701 299 3764 putabat
313 3701 378 3764 Lips.
395 3701 425 3748 da
442 3701 496 3750 Mil.
511 3705 583 3750 Rom.
602 3703 646 3758 IV,
663 3719 702 3752 ro.
747 3703 861 3752 adstare
885 3703 993 3768 suppleri
1012 3702 1100 3767 jussit,
1128 3702 1192 3750 sicut
1224 3703 1254 3749 el.

197 3781 259 3840 Quae
270 3771 311 3827 hio
324 3779 355 3827 de
367 3782 442 3828 scutis
452 3791 476 3829 et
485 3780 542 3843 pilis
554 3793 579 3829 et
590 3781 702 3829 stationi-
747 3784 814 3846 Rup.
830 3783 939 3846 exponit.
958 3805 970 3824 u
978 3785 1070 3842 Immo,
1084 3782 1129 3838 ait,
1144 3781 1255 3829 AEmib'ua

197 3859 243 3904 bu·
265 3858 387 3917 dicuntur,
405 3858 509 3906 illustrat
529 3858 594 3906 idem
614 3861 652 3916 ΙΙ,
672 3877 702 3916 a,
747 3863 827 3924 pergit
836 3877 906 3924 agere
917 3862 947 3910 de
960 3861 1040 3918 vitiis,
1052 3877 1106 3924 quae
1119 3877 1175 3908 cum
1187 3876 1253 3908 novo

197 3953 224 3984 n.
242 3940 313 3997 ω’,
330 3939 359 3995 8,
373 3953 402 4000 9,
422 3948 445 3985 et
468 3937 546 3986 schel.
569 3938 599 3984 ad
615 3939 701 4002 Polyb.
748 3941 873 3994 illomore
889 3941 1019 4001 conjuncta
1038 3939 1204 4001 sint;militea
1218 3939 1255 3986 di·

197 4033 250 4080 cap.
266 4034 289 4064 2.
300 4039 312 4058 u
323 4017 388 4064 nuk.
748 4017 796 4079 lit,
809 4037 873 4068 nunc
883 4032 950 4067 scuto
958 4035 1010 4083 proe
1019 4035 1044 4066 se
1056 4031 1134 4067 erecto
1142 4019 1256 4083 galeatos

233 4099 257 4146 6.
272 4096 360 4163 Vigiles
371 4105 466 4146 mittum
478 4098 503 4144 in
516 4096 625 4162 vigiliam
634 4097 704 4163 ferre
748 4112 813 4150 stare
820 4118 829 4156 ,·
840 4098 938 4156 deiude,
951 4110 997 4150 etc.
1009 4100 1054 4148 En.
