2972 4720
548 253 556 274 ¹⁵
942 257 948 288 l

256 357 300 451 ,a
679 353 716 418 r.
752 349 891 418 isvis
1167 331 1295 430 tatu}

253 475 426 569 vocant),
457 471 579 542 multis
606 467 805 540 rationibus
833 468 1033 564 pervicerat
1057 467 1236 557 Rhodios,
1260 485 1320 557 ut,

254 587 402 671 omissa,
422 607 531 680 quam
551 605 643 678 saepe
661 603 787 658 vanam
805 578 943 674 experti
962 593 1098 663 essent,
1117 576 1245 674 regum
1263 577 1321 649 fos

253 694 456 767 vendorum
481 715 565 789 spe,
590 712 776 760 romanam
800 688 1006 758 societatem
1026 689 1162 785 (unam
1184 706 1262 758 tum
1280 691 1319 763 in

251 806 357 876 terris
376 801 433 872 vel
452 800 608 888 viribus,
633 799 690 870 vel
708 797 780 869 lide
802 796 989 890 stabilem)
1010 799 1219 869 retinerent.
1241 800 1320 870 Bel·

254 916 331 985 lum'
354 917 540 982 imminere
567 933 648 980 cum
676 914 831 978 Perseo:
854 907 1119 978 desideraturos
1134 914 1319 980 Romanos

253 1025 419 1096 eumdem
433 1021 599 1092 navalem
617 1035 855 1118 apparatum,
877 1043 984 1114 quem
999 1043 1117 1116 nuper
1127 1021 1317 1105 Antiochi,

172 1124 179 1134 ’
252 1157 360 1228 quem
376 1130 542 1228 Philippi
557 1145 643 1200 ante
661 1129 753 1212 bello
767 1129 950 1198 vidissent.
966 1127 1227 1226 'Trepidaturos
1242 1147 1318 1200 tum

252 1258 394 1340 repente
412 1241 586 1338 paranda
609 1239 756 1324 classel,
783 1263 896 1334 quum
921 1238 1095 1308 mittenda
1119 1255 1226 1324 esset,
1249 1245 1321 1308 ru'si

252 1355 396 1448 reficem
421 1375 546 1437 nares,
574 1355 646 1420 nisi
662 1355 834 1420 instruere
856 1347 1045 1418 navalibus
1063 1353 1168 1418 sociis
1189 1355 1317 1445 eoepis·

250 1479 337 1534 sent.
365 1462 414 1532 Id
435 1487 477 1532 eo
502 1467 619 1556 magis
643 1466 739 1529 enise
753 1458 971 1550 faciendum
992 1481 1088 1543 esse,
1111 1475 1152 1527 ut
1170 1463 1319 1528 crimina

252 1573 373 1645 delata
391 1573 439 1642 ab
457 1577 493 1642 E
494 1596 622 1641 camene
622 1570 707 1666 fide
722 1594 841 1638 rerum
859 1567 1067 1658 refellerent.
1085 1567 1148 1637 His
1162 1567 1318 1654 incitati,

252 1684 487 1782 quadraginta
512 1682 658 1751 navium
679 1679 826 1750 classem
845 1679 1056 1746 instructam
1080 1690 1318 1772 ornatamque

250 1793 375 1890 legatis
401 1792 558 1860 romanis
584 1787 879 1873 advenientibus,
907 1802 947 1857 ut
976 1812 1051 1857 non
1078 1801 1318 1884 exspectetam

250 1899 536 1971 adhortationem
562 1923 638 1969 esse
665 1912 870 1995 appareret,
900 1895 1146 1968 ostenderunt.
1174 1902 1219 1968 Et
1243 1897 1319 1994 liaec
1416 1954 1418 1959 .

251 2009 383 2104 legatio
410 2031 579 2102 magnum
610 2007 655 2078 ad
684 2007 928 2077 conciliandos
956 2009 1096 2078 animos
1123 2009 1320 2080 civitatium

255 2121 344 2188 Asiae
364 2131 599 2214 momentum
625 2115 703 2188 fuit.
732 2119 914 2188 Decimius
939 2141 1034 2188 unus
1063 2119 1139 2198 sine
1166 2120 1242 2190 ullo
1269 2119 1318 2192 ef-

208 2224 210 2234 '
251 2225 366 2315 leem,
388 2239 572 2322 captarum
599 2228 705 2296 etiam
734 2228 969 2323 pecuniarum
997 2227 1043 2312 ab
1065 2229 1210 2326 regibus
1233 2231 1315 2326 llly-

251 2337 391 2410 riorum
409 2336 612 2431 suspicione
631 2334 790 2424 infamiS,
809 2342 957 2408 Romam
978 2339 1094 2411 rediit.

300 2449 422 2516 XLVI.
451 2449 619 2535 Perseus,
648 2469 762 2542 quum
787 2472 808 2517 a
835 2447 1041 2544 colloquio¹
1071 2456 1316 2522 Romanorum

252 2557 289 2622 in
313 2552 561 2624 Macedoniam
589 2557 782 2653 recepisset
809 2582 905 2642 sese,
932 2557 1067 2654 legatos
1094 2564 1245 2630 Romam
1271 2559 1316 2630 de

250 2663 426 2734 inchoatis
456 2689 539 2734 cum
564 2665 698 2735 Marcio
727 2665 996 2738 conditionibus
1023 2670 1119 2765 pacis
1143 2669 1258 2755 misit,
1280 2683 1316 2738 et

250 2776 459 2870 Byzantium
481 2789 517 2845 et
533 2774 710 2845 Rhodum
729 2777 849 2847 literas
875 2776 998 2873 legatis
1023 2775 1187 2849 serendas
1205 2779 1314 2849 dedit.

249 2891 290 2954 ln
304 2885 412 2956 literis
428 2885 553 2976 eadem
568 2888 743 2956 sententia
758 2886 803 2956 ad
819 2912 945 2958 omnes
963 2903 1057 2957 erat:
1073 2883 1313 2986 colloquentem

248 3023 286 3068 se
312 3022 393 3067 cum
419 3002 668 3070 Romanorum
697 2995 831 3092 legatis.
860 3000 947 3086 Quae
968 2998 1142 3085 audisset,
1163 3023 1315 3096 quaeque

249 3237 316 3278 rum,
326 3223 369 3285 qni
378 3239 422 3286 per
436 3211 478 3270 seir
486 3238 579 3270 menses
589 3222 727 3284 gerebatur,
737 3233 761 3270 et
842 3230 865 3276 ί..
880 3220 1051 3285 Trepidaturos
1062 3233 1112 3268 tune
1121 3234 1218 3286 repente
1223 3239 1316 3286 paran-

249 3317 321 3362 quem
329 3299 449 3360 Prytanin
460 3301 507 3364 ipsi
513 3313 623 3356 vocant,
633 3313 662 3348 ut
669 3301 761 3349 curiam
806 3301 840 3348 da
855 3301 948 3358 classe,·
961 3301 1016 3348 vide
1034 3301 1065 3348 ad
1081 3303 1131 3357 III,
1145 3311 1191 3364 49,
1203 3319 1229 3350 n.
1244 3313 1267 3358 4.
1282 3329 1316 3338 --

250 3379 407 3448 Πρυτανεῖον.
420 3379 491 3428 conf.
504 3378 536 3425 ad
548 3380 613 3437 XLI,
629 3395 678 3441 no,
692 3396 718 3428 n.
733 3381 761 3438 ὅς
807 3380 940 3427 Navalibus
954 3379 1042 3436 sociis;
1059 3379 1109 3426 vid.
1122 3383 1175 3438 tx,
1191 3383 1237 3439 38,
1253 3398 1277 3449 n.
1292 3397 1314 3428 1.

248 3457 336 3520 Polyb.
351 3459 426 3513 XIII,
444 3457 458 3503 5
466 3492 474 3514 ,
492 3458 550 3516 XV,
568 3459 614 3516 23,
632 3461 709 3518 XVI,
729 3460 759 3513 5,
806 3460 958 3507 -Classem
976 3460 1120 3516 instructum
1136 3473 1315 3524 ornatamque,-

160 3537 163 3545 ’
248 3537 351 3593 xxiii,
366 3533 393 3587 s.
410 3537 522 3594 xxm,
537 3523 759 3595 s,'xx1x‚4.-
805 3537 1216 3598 vse.v1‚s‚n.s,et1x‚40‚
1233 3557 1257 3585 η.
1277 3555 1314 3585 η.

248 3614 383 3661 Pervicerat
395 3613 501 3660 llltoclt'os
508 3649 516 3670 ,
538 3627 715 3674 commoverat,
729 3618 759 3664 iis
839 3615 900 3664 Cer.
911 3617 1003 3664 XLVI.
1018 3633 1039 3664 1.
1049 3621 1074 3665 A
1088 3617 1210 3682 colloquio
1223 3609 1319 3664 Roma-⁵

247 3703 448 3756 persuaserat,ut
457 3692 524 3754 apud
533 3683 610 3741 Tacit.
623 3695 689 3742 Ann.
699 3697 767 3753 XV,
803 3710 903 3751 norum;
916 3695 966 3742 vid.
984 3712 1037 3761 cap·
1052 3698 1086 3744 38
1099 3713 1136 3759 sq.
1155 3707 1179 3743 et
1193 3697 1223 3742 ad
1240 3700 1270 3755 1,
1289 3712 1312 3754 1,

185 3771 189 3785 ¹
249 3772 288 3830 57.
305 3771 353 3819 Sed
365 3771 518 3835 pervicerat,
537 3770 627 3818 Rhodii
647 3785 689 3829 ut,
709 3785 755 3822 etc.
802 3791 827 3820 n.
843 3774 1052 3835 5.—-Byzautium
1064 3788 1088 3822 et
1099 3775 1209 3822 llltodum
1222 3774 1315 3832 literas,

246 3849 325 3907 recte,
339 3850 437 3913 opinor,
450 3853 515 3911 conj.
528 3851 602 3900 Drek.
614 3852 657 3915 qui
667 3851 756 3910 docet,
801 3863 846 3899 etc.
859 3853 925 3902 conf.
942 3854 1030 3918 Polyb.
1043 3856 1155 3911 XXVII,
1175 3863 1204 3909 4:
1221 3871 1249 3901 ex
1265 3871 1314 3918 quo

242 3927 380 3992 pervincere
404 3930 534 3992 saepissIme
560 3947 606 3994 pro
630 3930 756 3989 othnere,
800 3940 884 3994 petet,
897 3931 977 3980 literas
988 3931 1019 3980 ad
1030 3933 1112 3997 plures
1125 3932 1233 3996 populos
1243 3933 1316 3980 fuisse

164 4029 168 4035 ·
245 4005 403 4069 persuadere,
420 4007 490 4056 LivIo
513 4009 577 4066 diei,
600 4010 641 4056 sed
662 4019 756 4076 semper
801 3992 977 4070 inissassunde
991 4023 1015 4058 et
1031 4027 1091 4058 mox
1109 4011 1146 4058 ad
1157 4028 1239 4058 omries
1257 4011 1316 4058 dicit

246 4087 297 4132 sine
309 4085 405 4145 adjecto
420 4101 484 4133 casu.
800 4089 899 4138 Livius:
919 4091 945 4138 in
965 4108 1016 4154 quo
1035 4091 1117 4154 itaque
1132 4091 1180 4138 hoc
1202 4091 1259 4138 loco
1273 4092 1316 4138 ali·
1358 4095 1365 4115 ⁸
