2970 4712
255 325 325 395 328
571 377 573 380 .
674 329 712 392 r.
745 331 891 395 mvn.
1163 307 1283 407 322352121

242 449 335 541 fines
347 445 488 539 Illyrico
497 501 507 533 ‚
523 447 639 516 altera
651 451 774 542 Epiro.
793 450 918 544 Capita
934 453 1135 542 regionum,
1154 444 1220 518 ubi
1230 469 1310 516 con-

254 559 335 626 cilia
348 560 502 652 fierent,
522 562 655 653 prima
682 562 836 651 regionis
853 555 1121 652 Amphipolim,
1141 543 1312 626 secundae

258 667 553 749 Thessalonicen,
587 671 696 736 tertioe
720 665 879 751 Pellam,
907 681 1050 764 quarta
1073 668 1309 766 Peiagoniam

241 777 344 864 fecit.
366 780 423 845 Eo
444 775 596 848 concilia
618 799 695 846 succ
717 779 890 874 cujusque
911 781 1061 871 regionis
1083 775 1226 860 indicit,
1241 801 1307 870 pe·

255 891 394 955 cuniam
410 889 580 975 confhrri,
598 884 651 956 ibi
664 891 885 981 magistratus
897 891 1012 956 creari
1013 887 1132 980 jussit.
1148 889 1310 955 Pronun-

254 997 353 1066 tiavit
379 995 510 1067 deinde
526 992 553 1082 ⁸,
581 1021 693 1093 neque
719 995 958 1086 connubium,
992 1019 1107 1092 neque
1136 1015 1308 1066 commer-

255 1111 369 1175 cium⁹
387 1129 555 1201 agrorum
576 1107 884 1202 adficaromque
907 1110 999 1174 inter
1019 1129 1058 1174 se
1073 1103 1217 1200 placere
1233 1111 1309 1174 cui-

254 1221 488 1313 quam'eatra
499 1220 602 1312 fines
623 1221 775 1318 regionis
798 1235 975 1285 successe.
996 1213 1146 1284 Metalla
1165 1238 1311 1310 quoquc

254 1333 339 1395 auri
354 1343 463 1422 atque
476 1332 617 1421 argenti
625 1349 697 1396 non
715 1330 873 1395 exerceri
875 1353 888 1411 ,·
893 1327 991 1415 flerri
1003 1340 1040 1393 et
1048 1331 1130 1394 ceris
1139 1330 1306 1422 permitti.

255 1437 412 1533 Vectigal
426 1434 675 1506 exercentibus
687 1434 874 1504 dimidium
885 1435 962 1528 ejus
972 1435 1196 1532 impositum,
1209 1434 1307 1530 quod

255 1545 510 1643 pependissent
527 1547 613 1642 regi.
625 1551 680 1614 .Et
701 1545 772 1615 sale
792 1545 935 1624 invecto
950 1545 1009 1614 >uti
1026 1545 1139 1613 vetuit
1151 1551 1194 1610 ¹⁰:
1218 1547 1308 1644 ¹³³?

254 1655 356 1726 danis
375 1641 620 1752 repetentibus
642 1656 836 1741 Paeoniam,
853 1651 955 1748 quod
977 1667 1013 1722 et
1033 1676 1095 1722 sua
1113 1649 1256 1740 fuisset,
1273 1666 1309 1722 et

252 1767 445 1844 continens
467 1779 559 1835 esset
580 1761 714 1834 finibus
730 1764 859 1849 suis-3¹,
878 1759 1047 1834 omnibus
1063 1761 1152 1831 dare
1171 1759 1324 1848 liberta·¹

257 1893 326 1970 tem
343 1875 605 1972 pronuntiavit,
624 1880 689 1970 qui
703 1872 769 1941 sub
785 1895 894 1968 regno
911 1877 1035 1940 Persei
1038 1872 1206 1961 fuissent.
1228 1859 1311 1940 Post

256 2009 331 2054 non
350 1986 572 2080 impetratam
582 1985 771 2070 Paeoniam,
782 1981 861 2052 salis
880 1982 1135 2053 commercium
1147 1991 1177 2022 ¹²
1195 1979 1307 2050 dedit:

258 2095 368 2164 tertiae
392 2096 529 2189 regioni
552 2095 740 2190 imperavit
750 2115 763 2178 ‚¹
779 2106 820 2163 ut
842 2091 972 2162 Stobos
993 2091 1140 2160 Paeoniae
1159 2089 1310 2161 devehe·
1336 2115 1340 2122 ·

172 2259 180 2278 ,
259 2219 360 2288 rent,
379 2204 609 2300 pretiumque
627 2205 756 2273 statuit.
779 2201 946 2273 Navalem
962 2200 1145 2270 materiam
1164 2213 1200 2269 et
1217 2199 1311 2294 ipsos

262 2312 412 2396 cadere,
438 2325 473 2382 et
495 2311 583 2382 alios
598 2313 673 2408 pati
693 2315 815 2382 vetuit.
835 2309 1070 2407 Regionibus‚
1090 2333 1170 2406 quae
1188 2306 1311 2380 affines

262 2419 425 2490 barbaris
440 2436 558 2491 essent
575 2420 745 2517 (excepta
759 2434 878 2490 autem
893 2421 1013 2507 tertia,
1031 2443 1154 2489 omnes
1169 2433 1270 2490 erant
1281 2418 1312 2512 ),

261 2529 442 2626 permisit,
463 2541 504 2599 ut
521 2528 684 2626 praesidia
703 2544 835 2600 armata
856 2530 893 2598 in
917 2526 1051 2598 finibus
1066 2529 1231 2598 extremis
1249 2527 1312 2597 ha-

260 2635 399 2707 herent.

305 2749 415 2815 XXX.
439 2753 538 2833 Haec,
557 2752 789 2844 pronuntiata
808 2749 1001 2846 primodie
1023 2763 1242 2836 conventus,
1258 2773 1313 2818 va·

264 2945 288 2992 h.
298 2945 316 2992 i.
325 2955 408 3008 aperte
422 2944 480 2991 urbs
498 2955 543 2992 est.
558 2946 630 2994 Cous.
644 2946 768 2995 Drakenb.
851 2963 891 2993 10.
900 2947 992 2994 Etsale
1004 2945 1096 2992 inrecto
1110 2945 1147 2992 ati
1159 2947 1252 3004 vetut,
1263 2948 1315 2995 soil.

302 3039 326 3082 7.
342 3025 397 3070 Sua
417 3023 533 3088 crq'usque
551 3024 667 3089 regionis,
688 3026 771 3088 potius
813 3041 844 3072 ne
868 3026 1050 3072 imminueretur
1070 3025 1173 3088 vectigal
1192 3043 1206 3073 e
1225 3026 1312 3076 salinis.

267 3103 420 3157 sua5Gron.
430 3103 501 3152 conf.
515 3103 547 3150 sd
559 3105 609 3165 111,
619 3118 700 3164 πῃ.
711 3103 734 3151 5.
814 3104 886 3152 eont.
913 3105 994 3151 burm.
1021 3103 1156 3166 deveo-sig.
1173 3121 1233 3169 pop.
1255 3121 1314 3153 rom.

304 3183 328 3228 8.
338 3179 506 3228 Pronuntiavit
517 3181 619 3238 deinde,
634 3179 687 3230 soil.
699 3183 772 3228 AEmi·
803 3197 868 3245 cap.
882 3183 897 3228 5
904 3219 911 3243 ,
920 3198 976 3246 pag.
988 3197 1030 3242 9¹·

267 3261 314 3306 lius
332 3258 428 3306 Paullus
440 3273 471 3306 ox
484 3258 579 3306 consuti
593 3259 711 3306 sententia
725 3260 771 3324 (ut
853 3275 892 3308 11.
916 3260 1043 3308 Commoris
1063 3273 1122 3308 esset
1136 3259 1230 3329 sinibus
1252 3263 1316 3318 suis,-

269 3353 341 3400 snprs
348 3336 371 3400 ),
382 3352 432 3399 quo
446 3333 539 3401 etfacit
548 3353 576 3384 ec
580 3337 656 3402 jussit
667 3338 771 3385 referen-
815 3337 871 3385 vids
882 3335 913 3386 sd
923 3342 967 3398 IV,
977 3355 1009 3386 aa
1019 3373 1026 3397 ,
1037 3357 1061 3386 n.
1077 3347 1101 3395 4.

271 3416 300 3461 da
309 3431 315 3466 ;
325 3417 381 3460 nain
391 3414 472 3462 livius
481 3415 598 3463 orationis
607 3416 714 3463 colorem
722 3431 773 3462 mu·
853 3431 892 3462 12.
900 3417 963 3464 Salis
972 3418 1139 3465 comnseroium
1148 3418 1222 3467 dedit.
1234 3421 1318 3467 Permi-

269 3487 345 3540 tsvit:
368 3492 454 3539 liberos
477 3508 526 3539 esse
550 3495 638 3560 jubere
657 3495 772 3542 Macedo·
815 3497 846 3542 sit
854 3480 975 3542 Dardanis
982 3497 1248 3545 salemexMeoedonia
1259 3513 1317 3546 mer-

269 3587 352 3618 itas...
374 3568 455 3617 Tertia
467 3587 529 3634 pars
541 3571 650 3632 sacto...
673 3574 773 3638 Pelago
816 3573 881 3621 ceri:
894 3590 965 3637 quem
977 3586 1004 3623 ut
1013 3575 1107 3624 facilius
1116 3576 1223 3624 Dardani
1232 3577 1317 3624 habere

270 3647 419 3711 riamficit,
429 3659 477 3696 etc.
487 3650 560 3700 Conf.
570 3651 601 3701 ad
609 3655 658 3710 111,
669 3668 683 3699 a
696 3667 737 3712 ‚n.
750 3668 772 3698 1.
817 3663 928 3717 possent,
938 3653 1066 3718 imperavit
1074 3653 1150 3704 tettiae
1159 3656 1265 3719 regioni,
1276 3655 1318 3702 ubi

304 3743 329 3788 9.
340 3727 423 3791 Neque
439 3729 583 3776 connubium
591 3766 599 3788 ,
614 3747 693 3794 neque
709 3747 773 3777 oom-
816 3732 930 3780 nimirum
942 3734 1046 3780 maxime
1061 3734 1116 3781 salis
1130 3733 1201 3798 copia
1216 3745 1278 3792 erat,
1293 3743 1317 3781 at

271 3805 396 3861 mercium,
407 3817 453 3852 eto.
463 3807 559 3855 vidend
570 3809 645 3867 vm,
657 3816 703 3867 14,
713 3821 739 3855 n.
749 3823 774 3881 9ξ
818 3811 906 3858 Stobos
928 3811 1090 3871 deveherent,
1109 3813 1178 3876 quod
1202 3813 1318 3876 oppidum

271 3894 296 3929 et
304 3883 369 3932 conf.
381 3899 434 3947 cap.
450 3887 482 3932 30
492 3900 531 3948 pr.
540 3913 575 3922 -
584 3887 685 3934 Placere
693 3884 740 3934 sibi
749 3897 775 3934 et
815 3887 882 3936 haud
891 3891 979 3952 procul
990 3890 1073 3937 rbem
1085 3906 1099 3936 a
1113 3887 1280 3938 Dardanorum
1291 3889 1318 3937 fi-

270 3961 373 4007 consilio
386 3977 440 4012 suo.
450 3989 485 3998 -
501 3965 683 4021 exercentibus,
696 3963 772 4012 scilic.
814 3967 894 4016 nibus
907 3969 944 4015 De
961 3969 1053 4017 ceteris
1066 3968 1122 4016 vide
1136 3968 1167 4016 sd
1179 3967 1275 4027 xum,
1289 3966 1317 4027 5,

268 4038 361 4086 meniis
372 4039 428 4085 birri
439 4051 463 4087 et
476 4042 537 4089 sens.
820 4061 845 4092 n.
860 4054 883 4102 4.
893 4049 938 4094 Eo.
