<?xml version="1.0" encoding="UTF-8"?>
<!DOCTYPE html PUBLIC "-//W3C//DTD XHTML 1.0 Transitional//EN"
    "http://www.w3.org/TR/xhtml1/DTD/xhtml1-transitional.dtd">
<html xmlns="http://www.w3.org/1999/xhtml" xml:lang="en" lang="en">
 <head>
  <title>
</title>
<meta http-equiv="Content-Type" content="text/html;charset=utf-8" />
  <meta name='ocr-system' content='tesseract 3.04.00' />
  <meta name='ocr-capabilities' content='ocr_page ocr_carea ocr_par ocr_line ocrx_word'/>
</head>
<body>
  <div class='ocr_page' id='page_1' title='image "./titusliviuspata02freigoog_0400.png"; bbox 0 0 2976 4712; ppageno 0'>
   <div class='ocr_carea' id='block_1_1' title="bbox 496 347 1239 460">
    <p class='ocr_par' dir='ltr' id='par_1_1' title="bbox 496 347 1239 460">
     <span class='ocr_line' id='line_1_1' title="bbox 496 347 1239 460; baseline -0.001 -25"><span class='ocrx_word' id='word_1_1' title='bbox 496 365 769 436; x_wconf 81' lang='lat' dir='ltr'><strong>Lienonun</strong></span> <span class='ocrx_word' id='word_1_2' title='bbox 802 366 944 435; x_wconf 75' lang='lat' dir='ltr'><strong>mvn.</strong></span> <span class='ocrx_word' id='word_1_3' title='bbox 1159 347 1239 460; x_wconf 76' lang='lat'><strong>&#39;391</strong></span> 
     </span>
    </p>
   </div>
   <div class='ocr_carea' id='block_1_2' title="bbox 142 484 1252 2227">
    <p class='ocr_par' dir='ltr' id='par_1_2' title="bbox 142 484 1252 2227">
     <span class='ocr_line' id='line_1_2' title="bbox 187 484 1249 584; baseline -0.002 -24"><span class='ocrx_word' id='word_1_4' title='bbox 187 504 259 575; x_wconf 88' lang='lat' dir='ltr'><strong>set,</strong></span> <span class='ocrx_word' id='word_1_5' title='bbox 287 486 333 557; x_wconf 85' lang='lat' dir='ltr'><strong>ad</strong></span> <span class='ocrx_word' id='word_1_6' title='bbox 355 485 393 556; x_wconf 90' lang='lat' dir='ltr'><strong>id</strong></span> <span class='ocrx_word' id='word_1_7' title='bbox 412 484 549 558; x_wconf 90' lang='lat' dir='ltr'><strong>bellum</strong></span> <span class='ocrx_word' id='word_1_8' title='bbox 568 487 765 584; x_wconf 84' lang='lat' dir='ltr'><strong>gerendum</strong></span> <span class='ocrx_word' id='word_1_9' title='bbox 785 487 973 556; x_wconf 77' lang='lat' dir='ltr'><strong>arcessitus</strong></span> <span class='ocrx_word' id='word_1_10' title='bbox 992 499 1055 557; x_wconf 90' lang='lat' dir='ltr'><strong>est.</strong></span> <span class='ocrx_word' id='word_1_11' title='bbox 1080 491 1114 556; x_wconf 91' lang='lat' dir='ltr'><strong>Is</strong></span> <span class='ocrx_word' id='word_1_12' title='bbox 1134 487 1249 558; x_wconf 88' lang='lat' dir='ltr'><strong>victos</strong></span> 
     </span>
     <span class='ocr_line' id='line_1_3' title="bbox 185 593 1248 696; baseline 0 -28"><span class='ocrx_word' id='word_1_13' title='bbox 185 598 307 669; x_wconf 88' lang='lat' dir='ltr'><strong>hostes</strong></span> <span class='ocrx_word' id='word_1_14' title='bbox 326 595 537 692; x_wconf 83' lang='lat' dir='ltr'><strong>subjugum</strong></span> <span class='ocrx_word' id='word_1_15' title='bbox 559 597 665 667; x_wconf 87' lang='lat' dir='ltr'><strong>misit.</strong></span> <span class='ocrx_word' id='word_1_16' title='bbox 682 594 927 666; x_wconf 88' lang='lat' dir='ltr'><strong>Tribunorum</strong></span> <span class='ocrx_word' id='word_1_17' title='bbox 944 593 1062 696; x_wconf 87' lang='lat' dir='ltr'><strong>plebis</strong></span> <span class='ocrx_word' id='word_1_18' title='bbox 1076 620 1248 668; x_wconf 88' lang='lat' dir='ltr'><strong>numerus</strong></span> 
     </span>
     <span class='ocr_line' id='line_1_4' title="bbox 186 705 1247 807; baseline -0.004 -27"><span class='ocrx_word' id='word_1_19' title='bbox 186 707 374 807; x_wconf 89' lang='lat' dir='ltr'><strong>ampliatus</strong></span> <span class='ocrx_word' id='word_1_20' title='bbox 389 720 458 793; x_wconf 85' lang='lat' dir='ltr'><strong>est,</strong></span> <span class='ocrx_word' id='word_1_21' title='bbox 478 720 519 776; x_wconf 85' lang='lat' dir='ltr'><strong>ut</strong></span> <span class='ocrx_word' id='word_1_22' title='bbox 540 721 659 778; x_wconf 84' lang='lat' dir='ltr'><strong>essent</strong></span> <span class='ocrx_word' id='word_1_23' title='bbox 675 705 818 794; x_wconf 87' lang='lat' dir='ltr'><strong>decem,</strong></span> <span class='ocrx_word' id='word_1_24' title='bbox 834 705 1017 803; x_wconf 87' lang='lat' dir='ltr'><strong>trigesimo</strong></span> <span class='ocrx_word' id='word_1_25' title='bbox 1036 721 1137 776; x_wconf 81' lang='lat' dir='ltr'><strong>sexto</strong></span> <span class='ocrx_word' id='word_1_26' title='bbox 1152 731 1247 776; x_wconf 89' lang='lat' dir='ltr'><strong>anno</strong></span> 
     </span>
     <span class='ocr_line' id='line_1_5' title="bbox 185 813 1252 916; baseline 0 -30"><span class='ocrx_word' id='word_1_27' title='bbox 185 841 206 886; x_wconf 92' lang='lat' dir='ltr'><strong>a</strong></span> <span class='ocrx_word' id='word_1_28' title='bbox 229 817 352 916; x_wconf 87' lang='lat' dir='ltr'><strong>primis</strong></span> <span class='ocrx_word' id='word_1_29' title='bbox 376 814 530 886; x_wconf 87' lang='lat' dir='ltr'><strong>tribunis</strong></span> <span class='ocrx_word' id='word_1_30' title='bbox 547 815 674 915; x_wconf 89' lang='lat' dir='ltr'><strong>plebis.</strong></span> <span class='ocrx_word' id='word_1_31' title='bbox 697 816 820 886; x_wconf 89' lang='lat' dir='ltr'><strong>Petitis</strong></span> <span class='ocrx_word' id='word_1_32' title='bbox 837 839 902 912; x_wconf 90' lang='lat' dir='ltr'><strong>per</strong></span> <span class='ocrx_word' id='word_1_33' title='bbox 923 813 1064 910; x_wconf 85' lang='lat' dir='ltr'><strong>lega-tos</strong></span> <span class='ocrx_word' id='word_1_34' title='bbox 1079 829 1115 886; x_wconf 88' lang='lat' dir='ltr'><strong>et</strong></span> <span class='ocrx_word' id='word_1_35' title='bbox 1134 814 1252 886; x_wconf 85' lang='lat' dir='ltr'><strong>allatis</strong></span> 
     </span>
     <span class='ocr_line' id='line_1_6' title="bbox 184 922 1247 1023; baseline 0 -27"><span class='ocrx_word' id='word_1_36' title='bbox 184 925 479 1023; x_wconf 78' lang='lat' dir='ltr'><strong>Atticis&#39;legibus,</strong></span> <span class='ocrx_word' id='word_1_37' title='bbox 497 926 541 996; x_wconf 87' lang='lat' dir='ltr'><strong>ad</strong></span> <span class='ocrx_word' id='word_1_38' title='bbox 559 922 826 997; x_wconf 87' lang='lat' dir='ltr'><strong>constituendas</strong></span> <span class='ocrx_word' id='word_1_39' title='bbox 847 947 905 994; x_wconf 89' lang='lat' dir='ltr'><strong>eas</strong></span> <span class='ocrx_word' id='word_1_40' title='bbox 916 923 1247 1020; x_wconf 87' lang='lat' dir='ltr'><strong>proponendasque</strong></span> 
     </span>
     <span class='ocr_line' id='line_1_7' title="bbox 184 1031 1246 1132; baseline 0 -28"><span class='ocrx_word' id='word_1_41' title='bbox 184 1033 376 1104; x_wconf 89' lang='lat' dir='ltr'><strong>decemviri</strong></span> <span class='ocrx_word' id='word_1_42' title='bbox 393 1058 461 1132; x_wconf 89' lang='lat' dir='ltr'><strong>pro</strong></span> <span class='ocrx_word' id='word_1_43' title='bbox 478 1032 689 1106; x_wconf 88' lang='lat' dir='ltr'><strong>consulibus</strong></span> <span class='ocrx_word' id='word_1_44' title='bbox 703 1036 778 1103; x_wconf 92' lang='lat' dir='ltr'><strong>sine</strong></span> <span class='ocrx_word' id='word_1_45' title='bbox 795 1031 877 1103; x_wconf 90' lang='lat' dir='ltr'><strong>ullis</strong></span> <span class='ocrx_word' id='word_1_46' title='bbox 894 1031 970 1102; x_wconf 86' lang='lat' dir='ltr'><strong>aliis</strong></span> <span class='ocrx_word' id='word_1_47' title='bbox 983 1033 1246 1128; x_wconf 85' lang='lat' dir='ltr'><strong>magistratibus</strong></span> 
     </span>
     <span class='ocr_line' id='line_1_8' title="bbox 184 1143 1245 1237; baseline -0.002 -23"><span class='ocrx_word' id='word_1_48' title='bbox 184 1145 311 1230; x_wconf 84' lang='lat' dir='ltr'><strong>creati,</strong></span> <span class='ocrx_word' id='word_1_49' title='bbox 328 1144 439 1216; x_wconf 91' lang='lat' dir='ltr'><strong>altero</strong></span> <span class='ocrx_word' id='word_1_50' title='bbox 454 1160 491 1216; x_wconf 89' lang='lat' dir='ltr'><strong>et</strong></span> <span class='ocrx_word' id='word_1_51' title='bbox 503 1143 755 1216; x_wconf 87' lang='lat' dir='ltr'><strong>trecentesimo</strong></span> <span class='ocrx_word' id='word_1_52' title='bbox 770 1167 887 1228; x_wconf 87' lang='lat' dir='ltr'><strong>anno,</strong></span> <span class='ocrx_word' id='word_1_53' title='bbox 909 1165 1019 1237; x_wconf 89' lang='lat' dir='ltr'><strong>qnam</strong></span> <span class='ocrx_word' id='word_1_54' title='bbox 1032 1145 1146 1211; x_wconf 88' lang='lat' dir='ltr'><strong>Roma</strong></span> <span class='ocrx_word' id='word_1_55' title='bbox 1161 1166 1245 1212; x_wconf 87' lang='lat' dir='ltr'><strong>eon-</strong></span> 
     </span>
     <span class='ocr_line' id='line_1_9' title="bbox 183 1250 1245 1350; baseline -0.001 -29"><span class='ocrx_word' id='word_1_56' title='bbox 183 1250 258 1322; x_wconf 85' lang='lat' dir='ltr'><strong>dita</strong></span> <span class='ocrx_word' id='word_1_57' title='bbox 275 1266 373 1322; x_wconf 88' lang='lat' dir='ltr'><strong>erat:</strong></span> <span class='ocrx_word' id='word_1_58' title='bbox 394 1267 447 1337; x_wconf 89' lang='lat' dir='ltr'><strong>et,</strong></span> <span class='ocrx_word' id='word_1_59' title='bbox 462 1267 502 1322; x_wconf 93' lang='lat' dir='ltr'><strong>ut</strong></span> <span class='ocrx_word' id='word_1_60' title='bbox 520 1277 540 1323; x_wconf 88' lang='lat' dir='ltr'><strong>a</strong></span> <span class='ocrx_word' id='word_1_61' title='bbox 559 1251 707 1350; x_wconf 84' lang='lat' dir='ltr'><strong>regibus</strong></span> <span class='ocrx_word' id='word_1_62' title='bbox 721 1252 765 1322; x_wconf 92' lang='lat' dir='ltr'><strong>ad</strong></span> <span class='ocrx_word' id='word_1_63' title='bbox 781 1251 964 1338; x_wconf 85' lang='lat' dir='ltr'><strong>eonsules,</strong></span> <span class='ocrx_word' id='word_1_64' title='bbox 983 1251 1032 1320; x_wconf 86' lang='lat' dir='ltr'><strong>ita</strong></span> <span class='ocrx_word' id='word_1_65' title='bbox 1049 1274 1069 1319; x_wconf 89' lang='lat' dir='ltr'><strong>a</strong></span> <span class='ocrx_word' id='word_1_66' title='bbox 1089 1251 1245 1321; x_wconf 88' lang='lat' dir='ltr'><strong>consuli-</strong></span> 
     </span>
     <span class='ocr_line' id='line_1_10' title="bbox 142 1359 1245 1458; baseline -0.002 -26"><span class='ocrx_word' id='word_1_67' title='bbox 142 1409 148 1424; x_wconf 82' lang='lat'><strong>·</strong></span> <span class='ocrx_word' id='word_1_68' title='bbox 183 1360 315 1433; x_wconf 89' lang='lat' dir='ltr'><strong>busad</strong></span> <span class='ocrx_word' id='word_1_69' title='bbox 333 1361 556 1433; x_wconf 89' lang='lat' dir='ltr'><strong>decemviros</strong></span> <span class='ocrx_word' id='word_1_70' title='bbox 575 1361 784 1432; x_wconf 87' lang='lat' dir='ltr'><strong>translatum</strong></span> <span class='ocrx_word' id='word_1_71' title='bbox 809 1362 1012 1458; x_wconf 89' lang='lat' dir='ltr'><strong>imperium.</strong></span> <span class='ocrx_word' id='word_1_72' title='bbox 1035 1361 1100 1446; x_wconf 85' lang='lat' dir='ltr'><strong>lli,</strong></span> <span class='ocrx_word' id='word_1_73' title='bbox 1119 1359 1245 1430; x_wconf 87' lang='lat' dir='ltr'><strong>decern</strong></span> 
     </span>
     <span class='ocr_line' id='line_1_11' title="bbox 183 1468 1245 1569; baseline -0.002 -27"><span class='ocrx_word' id='word_1_74' title='bbox 183 1469 314 1542; x_wconf 85' lang='lat' dir='ltr'><strong>tabulis</strong></span> <span class='ocrx_word' id='word_1_75' title='bbox 331 1471 450 1568; x_wconf 87' lang='lat' dir='ltr'><strong>legum</strong></span> <span class='ocrx_word' id='word_1_76' title='bbox 469 1473 612 1569; x_wconf 91' lang='lat' dir='ltr'><strong>positis,</strong></span> <span class='ocrx_word' id='word_1_77' title='bbox 633 1496 748 1568; x_wconf 87' lang='lat' dir='ltr'><strong>quum</strong></span> <span class='ocrx_word' id='word_1_78' title='bbox 768 1471 929 1541; x_wconf 85' lang='lat' dir='ltr'><strong>modeste</strong></span> <span class='ocrx_word' id='word_1_79' title='bbox 944 1493 981 1541; x_wconf 89' lang='lat' dir='ltr'><strong>se</strong></span> <span class='ocrx_word' id='word_1_80' title='bbox 994 1471 1031 1539; x_wconf 91' lang='lat' dir='ltr'><strong>in</strong></span> <span class='ocrx_word' id='word_1_81' title='bbox 1047 1494 1091 1540; x_wconf 90' lang='lat' dir='ltr'><strong>eo</strong></span> <span class='ocrx_word' id='word_1_82' title='bbox 1106 1468 1245 1541; x_wconf 86' lang='lat' dir='ltr'><strong>honore</strong></span> 
     </span>
     <span class='ocr_line' id='line_1_12' title="bbox 184 1580 1244 1679; baseline -0.002 -29"><span class='ocrx_word' id='word_1_83' title='bbox 184 1583 391 1678; x_wconf 85' lang='lat' dir='ltr'><strong>gessissent,</strong></span> <span class='ocrx_word' id='word_1_84' title='bbox 413 1595 449 1654; x_wconf 88' lang='lat' dir='ltr'><strong>et</strong></span> <span class='ocrx_word' id='word_1_85' title='bbox 470 1580 519 1653; x_wconf 95' lang='lat' dir='ltr'><strong>ob</strong></span> <span class='ocrx_word' id='word_1_86' title='bbox 540 1581 577 1654; x_wconf 91' lang='lat' dir='ltr'><strong>id</strong></span> <span class='ocrx_word' id='word_1_87' title='bbox 598 1583 636 1651; x_wconf 92' lang='lat' dir='ltr'><strong>in</strong></span> <span class='ocrx_word' id='word_1_88' title='bbox 655 1581 808 1653; x_wconf 90' lang='lat' dir='ltr'><strong>alterurn</strong></span> <span class='ocrx_word' id='word_1_89' title='bbox 824 1606 972 1679; x_wconf 91' lang='lat' dir='ltr'><strong>quoque</strong></span> <span class='ocrx_word' id='word_1_90' title='bbox 993 1603 1128 1650; x_wconf 86' lang='lat' dir='ltr'><strong>annum</strong></span> <span class='ocrx_word' id='word_1_91' title='bbox 1145 1604 1244 1649; x_wconf 88' lang='lat' dir='ltr'><strong>eum-</strong></span> 
     </span>
     <span class='ocr_line' id='line_1_13' title="bbox 183 1689 1244 1789; baseline -0.003 -28"><span class='ocrx_word' id='word_1_92' title='bbox 183 1690 266 1761; x_wconf 87' lang='lat' dir='ltr'><strong>dem</strong></span> <span class='ocrx_word' id='word_1_93' title='bbox 288 1716 364 1763; x_wconf 90' lang='lat' dir='ltr'><strong>esse</strong></span> <span class='ocrx_word' id='word_1_94' title='bbox 385 1693 630 1788; x_wconf 79' lang='lat' dir='ltr'><strong>magistratum</strong></span> <span class='ocrx_word' id='word_1_95' title='bbox 655 1691 862 1789; x_wconf 84' lang='lat' dir='ltr'><strong>placuisset,</strong></span> <span class='ocrx_word' id='word_1_96' title='bbox 885 1689 1025 1762; x_wconf 87' lang='lat' dir='ltr'><strong>duabus</strong></span> <span class='ocrx_word' id='word_1_97' title='bbox 1047 1689 1178 1760; x_wconf 90' lang='lat' dir='ltr'><strong>tabulis</strong></span> <span class='ocrx_word' id='word_1_98' title='bbox 1199 1689 1244 1759; x_wconf 88' lang='lat' dir='ltr'><strong>ad</strong></span> 
     </span>
     <span class='ocr_line' id='line_1_14' title="bbox 183 1797 1244 1900; baseline -0.004 -28"><span class='ocrx_word' id='word_1_99' title='bbox 183 1801 308 1874; x_wconf 84' lang='lat' dir='ltr'><strong>decem</strong></span> <span class='ocrx_word' id='word_1_100' title='bbox 321 1801 485 1895; x_wconf 77' lang='lat' dir='ltr'><strong>adjebtis,</strong></span> <span class='ocrx_word' id='word_1_101' title='bbox 502 1826 619 1899; x_wconf 92' lang='lat' dir='ltr'><strong>quum·</strong></span> <span class='ocrx_word' id='word_1_102' title='bbox 636 1800 824 1900; x_wconf 90' lang='lat' dir='ltr'><strong>complura</strong></span> <span class='ocrx_word' id='word_1_103' title='bbox 836 1803 1055 1898; x_wconf 88' lang='lat' dir='ltr'><strong>impotenter</strong></span> <span class='ocrx_word' id='word_1_104' title='bbox 1063 1797 1244 1886; x_wconf 74' lang='lat' dir='ltr'><strong>fecissent,</strong></span> 
     </span>
     <span class='ocr_line' id='line_1_15' title="bbox 184 1909 1239 2009; baseline 0 -31"><span class='ocrx_word' id='word_1_105' title='bbox 184 1912 429 2006; x_wconf 83' lang='lat' dir='ltr'><strong>magistratum</strong></span> <span class='ocrx_word' id='word_1_106' title='bbox 453 1910 649 1981; x_wconf 86' lang='lat' dir='ltr'><strong>noluerunt</strong></span> <span class='ocrx_word' id='word_1_107' title='bbox 669 1909 875 2009; x_wconf 85' lang='lat' dir='ltr'><strong>deponere,</strong></span> <span class='ocrx_word' id='word_1_108' title='bbox 899 1912 995 1982; x_wconf 89' lang='lat' dir='ltr'><strong>etin</strong></span> <span class='ocrx_word' id='word_1_109' title='bbox 1016 1911 1160 1982; x_wconf 90' lang='lat' dir='ltr'><strong>tertium</strong></span> <span class='ocrx_word' id='word_1_110' title='bbox 1180 1935 1239 1980; x_wconf 90' lang='lat' dir='ltr'><strong>an-</strong></span> 
     </span>
     <span class='ocr_line' id='line_1_16' title="bbox 184 2019 1242 2118; baseline 0 -30"><span class='ocrx_word' id='word_1_111' title='bbox 184 2045 272 2089; x_wconf 93' lang='lat' dir='ltr'><strong>num</strong></span> <span class='ocrx_word' id='word_1_112' title='bbox 291 2020 533 2090; x_wconf 89' lang='lat' dir='ltr'><strong>retinuerunt:</strong></span> <span class='ocrx_word' id='word_1_113' title='bbox 547 2019 664 2091; x_wconf 88' lang='lat' dir='ltr'><strong>donec</strong></span> <span class='ocrx_word' id='word_1_114' title='bbox 676 2021 791 2090; x_wconf 80' lang='lat' dir='ltr'><strong>inviso</strong></span> <span class='ocrx_word' id='word_1_115' title='bbox 805 2045 930 2092; x_wconf 93' lang='lat' dir='ltr'><strong>eorum</strong></span> <span class='ocrx_word' id='word_1_116' title='bbox 946 2021 1119 2118; x_wconf 83' lang='lat' dir='ltr'><strong>imperio²</strong></span> <span class='ocrx_word' id='word_1_117' title='bbox 1133 2019 1242 2090; x_wconf 89' lang='lat' dir='ltr'><strong>finem</strong></span> 
     </span>
     <span class='ocr_line' id='line_1_17' title="bbox 184 2128 1242 2227; baseline -0.001 -27"><span class='ocrx_word' id='word_1_118' title='bbox 184 2129 302 2200; x_wconf 85' lang='lat' dir='ltr'><strong>attulit</strong></span> <span class='ocrx_word' id='word_1_119' title='bbox 320 2128 432 2199; x_wconf 90' lang='lat' dir='ltr'><strong>libido</strong></span> <span class='ocrx_word' id='word_1_120' title='bbox 451 2134 516 2227; x_wconf 86' lang='lat' dir='ltr'><strong>Ap.</strong></span> <span class='ocrx_word' id='word_1_121' title='bbox 537 2131 686 2201; x_wconf 87' lang='lat' dir='ltr'><strong>Claudii.</strong></span> <span class='ocrx_word' id='word_1_122' title='bbox 706 2131 793 2220; x_wconf 88' lang='lat' dir='ltr'><strong>Qui,</strong></span> <span class='ocrx_word' id='word_1_123' title='bbox 807 2155 921 2226; x_wconf 91' lang='lat' dir='ltr'><strong>quum</strong></span> <span class='ocrx_word' id='word_1_124' title='bbox 941 2131 980 2200; x_wconf 92' lang='lat' dir='ltr'><strong>in</strong></span> <span class='ocrx_word' id='word_1_125' title='bbox 997 2155 1157 2201; x_wconf 87' lang='lat' dir='ltr'><strong>amorem</strong></span> <span class='ocrx_word' id='word_1_126' title='bbox 1173 2131 1242 2199; x_wconf 91' lang='lat' dir='ltr'><strong>vir-</strong></span> 
     </span>
    </p>
   </div>
   <div class='ocr_carea' id='block_1_3' title="bbox 183 2239 1414 2336">
    <p class='ocr_par' dir='ltr' id='par_1_3' title="bbox 183 2239 1414 2336">
     <span class='ocr_line' id='line_1_18' title="bbox 183 2239 1414 2336; baseline 0.001 -28"><span class='ocrx_word' id='word_1_127' title='bbox 183 2239 274 2334; x_wconf 83' lang='lat' dir='ltr'><strong>ginis</strong></span> <span class='ocrx_word' id='word_1_128' title='bbox 291 2239 490 2326; x_wconf 90' lang='lat' dir='ltr'><strong>incidisset,</strong></span> <span class='ocrx_word' id='word_1_129' title='bbox 507 2239 703 2325; x_wconf 90' lang='lat' dir='ltr'><strong>submisso,</strong></span> <span class='ocrx_word' id='word_1_130' title='bbox 721 2240 783 2335; x_wconf 91' lang='lat' dir='ltr'><strong>qui</strong></span> <span class='ocrx_word' id='word_1_131' title='bbox 802 2265 880 2310; x_wconf 83' lang='lat' dir='ltr'><strong>eam</strong></span> <span class='ocrx_word' id='word_1_132' title='bbox 900 2242 939 2309; x_wconf 92' lang='lat' dir='ltr'><strong>in</strong></span> <span class='ocrx_word' id='word_1_133' title='bbox 958 2241 1165 2312; x_wconf 87' lang='lat' dir='ltr'><strong>servitutem</strong></span> <span class='ocrx_word' id='word_1_134' title='bbox 1179 2263 1242 2336; x_wconf 89' lang='lat' dir='ltr'><strong>pe·</strong></span> <span class='ocrx_word' id='word_1_135' title='bbox 1295 2309 1309 2326; x_wconf 67' lang='lat'><strong>.</strong></span> <span class='ocrx_word' id='word_1_136' title='bbox 1412 2268 1414 2272; x_wconf 93' lang='lat'>·</span> 
     </span>
    </p>
   </div>
   <div class='ocr_carea' id='block_1_4' title="bbox 182 2344 1241 2888">
    <p class='ocr_par' dir='ltr' id='par_1_4' title="bbox 182 2344 1241 2888">
     <span class='ocr_line' id='line_1_19' title="bbox 184 2344 1241 2447; baseline -0.003 -28"><span class='ocrx_word' id='word_1_137' title='bbox 184 2362 291 2438; x_wconf 88' lang='lat' dir='ltr'><strong>teret,</strong></span> <span class='ocrx_word' id='word_1_138' title='bbox 305 2351 549 2421; x_wconf 85' lang='lat' dir='ltr'><strong>necessitatem</strong></span> <span class='ocrx_word' id='word_1_139' title='bbox 560 2351 651 2447; x_wconf 90' lang='lat' dir='ltr'><strong>patri</strong></span> <span class='ocrx_word' id='word_1_140' title='bbox 661 2349 737 2444; x_wconf 86' lang='lat' dir='ltr'><strong>ejus</strong></span> <span class='ocrx_word' id='word_1_141' title='bbox 746 2350 907 2446; x_wconf 87' lang='lat' dir='ltr'><strong>Virginio</strong></span> <span class='ocrx_word' id='word_1_142' title='bbox 921 2344 1126 2446; x_wconf 75' lang='lat' dir='ltr'><strong>imposuit3,</strong></span> <span class='ocrx_word' id='word_1_143' title='bbox 1138 2363 1241 2444; x_wconf 88' lang='lat' dir='ltr'><strong>rapto</strong></span> 
     </span>
     <span class='ocr_line' id='line_1_20' title="bbox 184 2457 1239 2555; baseline -0.001 -28"><span class='ocrx_word' id='word_1_144' title='bbox 184 2482 227 2528; x_wconf 87' lang='lat' dir='ltr'><strong>ex</strong></span> <span class='ocrx_word' id='word_1_145' title='bbox 240 2457 387 2530; x_wconf 83' lang='lat' dir='ltr'><strong>taberna</strong></span> <span class='ocrx_word' id='word_1_146' title='bbox 398 2460 561 2555; x_wconf 90' lang='lat' dir='ltr'><strong>proxima</strong></span> <span class='ocrx_word' id='word_1_147' title='bbox 570 2460 687 2530; x_wconf 91' lang='lat' dir='ltr'><strong>cultro</strong></span> <span class='ocrx_word' id='word_1_148' title='bbox 696 2514 706 2547; x_wconf 93' lang='lat'><strong>,</strong></span> <span class='ocrx_word' id='word_1_149' title='bbox 715 2474 756 2530; x_wconf 84' lang='lat' dir='ltr'><strong>ut</strong></span> <span class='ocrx_word' id='word_1_150' title='bbox 764 2459 874 2529; x_wconf 86' lang='lat' dir='ltr'><strong>filiam</strong></span> <span class='ocrx_word' id='word_1_151' title='bbox 883 2460 1117 2543; x_wconf 86' lang='lat' dir='ltr'><strong>interimeret,</strong></span> <span class='ocrx_word' id='word_1_152' title='bbox 1126 2482 1239 2554; x_wconf 88' lang='lat' dir='ltr'><strong>quum</strong></span> 
     </span>
     <span class='ocr_line' id='line_1_21' title="bbox 183 2559 1240 2668; baseline 0 -30"><span class='ocrx_word' id='word_1_153' title='bbox 183 2559 285 2640; x_wconf 88' lang='lat' dir='ltr'><strong>aliter</strong></span> <span class='ocrx_word' id='word_1_154' title='bbox 298 2593 376 2640; x_wconf 89' lang='lat' dir='ltr'><strong>eam</strong></span> <span class='ocrx_word' id='word_1_155' title='bbox 391 2570 484 2639; x_wconf 90' lang='lat' dir='ltr'><strong>tueri</strong></span> <span class='ocrx_word' id='word_1_156' title='bbox 498 2593 571 2638; x_wconf 92' lang='lat' dir='ltr'><strong>non</strong></span> <span class='ocrx_word' id='word_1_157' title='bbox 584 2584 721 2666; x_wconf 90' lang='lat' dir='ltr'><strong>posset,</strong></span> <span class='ocrx_word' id='word_1_158' title='bbox 736 2595 782 2640; x_wconf 90' lang='lat' dir='ltr'><strong>ne</strong></span> <span class='ocrx_word' id='word_1_159' title='bbox 796 2570 834 2638; x_wconf 94' lang='lat' dir='ltr'><strong>in</strong></span> <span class='ocrx_word' id='word_1_160' title='bbox 847 2583 1060 2668; x_wconf 82' lang='lat' dir='ltr'><strong>potestatem</strong></span> <span class='ocrx_word' id='word_1_161' title='bbox 1074 2583 1240 2664; x_wconf 88' lang='lat' dir='ltr'><strong>stuprum</strong></span> 
     </span>
     <span class='ocr_line' id='line_1_22' title="bbox 182 2676 1241 2774; baseline -0.001 -27"><span class='ocrx_word' id='word_1_162' title='bbox 182 2677 313 2748; x_wconf 85' lang='lat' dir='ltr'><strong>illaturi</strong></span> <span class='ocrx_word' id='word_1_163' title='bbox 338 2679 487 2748; x_wconf 90' lang='lat' dir='ltr'><strong>veniret.</strong></span> <span class='ocrx_word' id='word_1_164' title='bbox 516 2681 594 2748; x_wconf 90' lang='lat' dir='ltr'><strong>Hoc</strong></span> <span class='ocrx_word' id='word_1_165' title='bbox 617 2693 689 2748; x_wconf 91' lang='lat' dir='ltr'><strong>tam</strong></span> <span class='ocrx_word' id='word_1_166' title='bbox 712 2699 847 2774; x_wconf 77' lang='lat' dir='ltr'><strong>magnae</strong></span> <span class='ocrx_word' id='word_1_167' title='bbox 872 2678 1050 2748; x_wconf 73' lang='lat' dir='ltr'><strong>luxuriael</strong></span> <span class='ocrx_word' id='word_1_168' title='bbox 1077 2676 1241 2774; x_wconf 83' lang='lat' dir='ltr'><strong>exemplo</strong></span> 
     </span>
     <span class='ocr_line' id='line_1_23' title="bbox 182 2785 1241 2888; baseline -0.004 -31"><span class='ocrx_word' id='word_1_169' title='bbox 182 2785 286 2883; x_wconf 87' lang='lat' dir='ltr'><strong>plebs</strong></span> <span class='ocrx_word' id='word_1_170' title='bbox 305 2787 448 2856; x_wconf 91' lang='lat' dir='ltr'><strong>incitata</strong></span> <span class='ocrx_word' id='word_1_171' title='bbox 467 2801 628 2858; x_wconf 88' lang='lat' dir='ltr'><strong>montem</strong></span> <span class='ocrx_word' id='word_1_172' title='bbox 649 2790 866 2874; x_wconf 88' lang='lat' dir='ltr'><strong>Aventinum</strong></span> <span class='ocrx_word' id='word_1_173' title='bbox 886 2788 1088 2884; x_wconf 87' lang='lat' dir='ltr'><strong>occupavit,</strong></span> <span class='ocrx_word' id='word_1_174' title='bbox 1106 2787 1241 2888; x_wconf 82' lang='lat' dir='ltr'><strong>coegit·</strong></span> 
     </span>
    </p>
   </div>
   <div class='ocr_carea' id='block_1_5' title="bbox 152 3016 1297 4188">
    <p class='ocr_par' dir='ltr' id='par_1_5' title="bbox 152 3016 1297 4188">
     <span class='ocr_line' id='line_1_24' title="bbox 183 3016 1238 3084; baseline 0.001 -19"><span class='ocrx_word' id='word_1_175' title='bbox 183 3017 289 3075; x_wconf 82' lang='lat' dir='ltr'><strong>veriant,</strong></span> <span class='ocrx_word' id='word_1_176' title='bbox 304 3027 370 3065; x_wconf 86' lang='lat' dir='ltr'><strong>utet</strong></span> <span class='ocrx_word' id='word_1_177' title='bbox 387 3016 413 3065; x_wconf 92' lang='lat' dir='ltr'><strong>b.</strong></span> <span class='ocrx_word' id='word_1_178' title='bbox 430 3017 448 3064; x_wconf 95' lang='lat' dir='ltr'><strong>l.</strong></span> <span class='ocrx_word' id='word_1_179' title='bbox 467 3017 539 3066; x_wconf 84' lang='lat' dir='ltr'><strong>Conl.</strong></span> <span class='ocrx_word' id='word_1_180' title='bbox 555 3018 628 3066; x_wconf 84' lang='lat' dir='ltr'><strong>Drak.</strong></span> <span class='ocrx_word' id='word_1_181' title='bbox 646 3019 690 3081; x_wconf 80' lang='lat' dir='ltr'><strong>qui</strong></span> <span class='ocrx_word' id='word_1_182' title='bbox 733 3019 825 3068; x_wconf 76' lang='lat' dir='ltr'><strong>Invicto</strong></span> <span class='ocrx_word' id='word_1_183' title='bbox 838 3019 964 3067; x_wconf 78' lang='lat' dir='ltr'><strong>eddantt.</strong></span> <span class='ocrx_word' id='word_1_184' title='bbox 977 3018 1155 3083; x_wconf 83' lang='lat' dir='ltr'><strong>quodDoujet.</strong></span> <span class='ocrx_word' id='word_1_185' title='bbox 1165 3036 1238 3084; x_wconf 87' lang='lat' dir='ltr'><strong>expo·</strong></span> 
     </span>
     <span class='ocr_line' id='line_1_25' title="bbox 183 3097 1234 3162; baseline 0 -18"><span class='ocrx_word' id='word_1_186' title='bbox 183 3097 255 3144; x_wconf 84' lang='lat' dir='ltr'><strong>etiem</strong></span> <span class='ocrx_word' id='word_1_187' title='bbox 267 3107 324 3162; x_wconf 88' lang='lat' dir='ltr'><strong>post</strong></span> <span class='ocrx_word' id='word_1_188' title='bbox 337 3097 457 3157; x_wconf 80' lang='lat' dir='ltr'><strong>eliosjain</strong></span> <span class='ocrx_word' id='word_1_189' title='bbox 475 3097 689 3155; x_wconf 86' lang='lat' dir='ltr'><strong>monuit,Livium</strong></span> <span class='ocrx_word' id='word_1_190' title='bbox 732 3098 784 3160; x_wconf 86' lang='lat' dir='ltr'><strong>nit,</strong></span> <span class='ocrx_word' id='word_1_191' title='bbox 798 3098 929 3162; x_wconf 81' lang='lat' dir='ltr'><strong>pertineei;</strong></span> <span class='ocrx_word' id='word_1_192' title='bbox 940 3107 965 3144; x_wconf 89' lang='lat' dir='ltr'><strong>et</strong></span> <span class='ocrx_word' id='word_1_193' title='bbox 977 3098 1054 3153; x_wconf 79' lang='lat' dir='ltr'><strong>Gron.</strong></span> <span class='ocrx_word' id='word_1_194' title='bbox 1068 3098 1177 3153; x_wconf 86' lang='lat' dir='ltr'><strong>eoll.VI,</strong></span> <span class='ocrx_word' id='word_1_195' title='bbox 1192 3099 1234 3155; x_wconf 85' lang='lat'><strong>16,</strong></span> 
     </span>
     <span class='ocr_line' id='line_1_26' title="bbox 182 3176 1236 3242; baseline 0 -19"><span class='ocrx_word' id='word_1_196' title='bbox 182 3187 352 3240; x_wconf 82' lang='lat' dir='ltr'><strong>auctoremque</strong></span> <span class='ocrx_word' id='word_1_197' title='bbox 362 3176 528 3241; x_wconf 80' lang='lat' dir='ltr'><strong>Epitomerum</strong></span> <span class='ocrx_word' id='word_1_198' title='bbox 539 3193 602 3240; x_wconf 83' lang='lat' dir='ltr'><strong>eaepe</strong></span> <span class='ocrx_word' id='word_1_199' title='bbox 612 3177 638 3224; x_wconf 89' lang='lat' dir='ltr'><strong>in</strong></span> <span class='ocrx_word' id='word_1_200' title='bbox 652 3177 688 3224; x_wconf 90' lang='lat' dir='ltr'><strong>di·</strong></span> <span class='ocrx_word' id='word_1_201' title='bbox 732 3177 799 3242; x_wconf 89' lang='lat' dir='ltr'><strong>quod</strong></span> <span class='ocrx_word' id='word_1_202' title='bbox 813 3177 865 3224; x_wconf 84' lang='lat' dir='ltr'><strong>siue</strong></span> <span class='ocrx_word' id='word_1_203' title='bbox 877 3179 1051 3240; x_wconf 79' lang='lat' dir='ltr'><strong>provocatione</strong></span> <span class='ocrx_word' id='word_1_204' title='bbox 1064 3187 1123 3224; x_wconf 83' lang='lat' dir='ltr'><strong>erat.</strong></span> <span class='ocrx_word' id='word_1_205' title='bbox 1141 3177 1188 3224; x_wconf 84' lang='lat' dir='ltr'><strong>liic</strong></span> <span class='ocrx_word' id='word_1_206' title='bbox 1199 3187 1236 3224; x_wconf 82' lang='lat' dir='ltr'><strong>ta·</strong></span> 
     </span>
     <span class='ocr_line' id='line_1_27' title="bbox 183 3252 1237 3320; baseline 0 -18"><span class='ocrx_word' id='word_1_207' title='bbox 183 3272 250 3304; x_wconf 81' lang='lat' dir='ltr'><strong>versa</strong></span> <span class='ocrx_word' id='word_1_208' title='bbox 262 3256 338 3305; x_wconf 84' lang='lat' dir='ltr'><strong>abire.</strong></span> <span class='ocrx_word' id='word_1_209' title='bbox 355 3282 390 3294; x_wconf 90' lang='lat'>—</span> <span class='ocrx_word' id='word_1_210' title='bbox 405 3258 493 3304; x_wconf 80' lang='lat' dir='ltr'><strong>Decem</strong></span> <span class='ocrx_word' id='word_1_211' title='bbox 508 3255 596 3305; x_wconf 82' lang='lat' dir='ltr'><strong>tabulis</strong></span> <span class='ocrx_word' id='word_1_212' title='bbox 613 3255 689 3320; x_wconf 75' lang='lat' dir='ltr'><strong>legum</strong></span> <span class='ocrx_word' id='word_1_213' title='bbox 732 3270 787 3302; x_wconf 87' lang='lat' dir='ltr'><strong>men</strong></span> <span class='ocrx_word' id='word_1_214' title='bbox 802 3267 827 3304; x_wconf 87' lang='lat' dir='ltr'><strong>et</strong></span> <span class='ocrx_word' id='word_1_215' title='bbox 840 3256 906 3302; x_wconf 84' lang='lat' dir='ltr'><strong>Mur.</strong></span> <span class='ocrx_word' id='word_1_216' title='bbox 926 3252 1046 3304; x_wconf 75' lang='lat' dir='ltr'><strong>malebant</strong></span> <span class='ocrx_word' id='word_1_217' title='bbox 1062 3254 1159 3319; x_wconf 79' lang='lat' dir='ltr'><strong>riejusto.</strong></span> <span class='ocrx_word' id='word_1_218' title='bbox 1175 3258 1237 3304; x_wconf 85' lang='lat' dir='ltr'><strong>Mox</strong></span> 
     </span>
     <span class='ocr_line' id='line_1_28' title="bbox 152 3332 1236 3399; baseline -0.002 -15"><span class='ocrx_word' id='word_1_219' title='bbox 152 3375 157 3384; x_wconf 92' lang='lat'><strong>.</strong></span> <span class='ocrx_word' id='word_1_220' title='bbox 177 3334 279 3397; x_wconf 78' lang='lat' dir='ltr'><strong>positis,</strong></span> <span class='ocrx_word' id='word_1_221' title='bbox 297 3335 372 3382; x_wconf 88' lang='lat' dir='ltr'><strong>immo</strong></span> <span class='ocrx_word' id='word_1_222' title='bbox 386 3334 536 3399; x_wconf 78' lang='lat' dir='ltr'><strong>propositis5</strong></span> <span class='ocrx_word' id='word_1_223' title='bbox 549 3334 687 3384; x_wconf 71' lang='lat' dir='ltr'><strong>creveritis:</strong></span> <span class='ocrx_word' id='word_1_224' title='bbox 732 3333 757 3380; x_wconf 85' lang='lat' dir='ltr'><strong>in</strong></span> <span class='ocrx_word' id='word_1_225' title='bbox 770 3349 877 3382; x_wconf 82' lang='lat' dir='ltr'><strong>amorem</strong></span> <span class='ocrx_word' id='word_1_226' title='bbox 892 3332 1007 3398; x_wconf 71' lang='lat' dir='ltr'><strong>Virginios</strong></span> <span class='ocrx_word' id='word_1_227' title='bbox 1018 3345 1043 3381; x_wconf 87' lang='lat' dir='ltr'><strong>et</strong></span> <span class='ocrx_word' id='word_1_228' title='bbox 1056 3333 1170 3398; x_wconf 79' lang='lat' dir='ltr'><strong>Virgiuioe</strong></span> <span class='ocrx_word' id='word_1_229' title='bbox 1183 3334 1236 3382; x_wconf 82' lang='lat' dir='ltr'><strong>uir-</strong></span> 
     </span>
     <span class='ocr_line' id='line_1_29' title="bbox 183 3412 987 3478; baseline 0 -17"><span class='ocrx_word' id='word_1_230' title='bbox 183 3414 313 3477; x_wconf 86' lang='lat' dir='ltr'><strong>etquidem</strong></span> <span class='ocrx_word' id='word_1_231' title='bbox 321 3413 419 3472; x_wconf 78' lang='lat' dir='ltr'><strong>Livius,</strong></span> <span class='ocrx_word' id='word_1_232' title='bbox 430 3431 483 3478; x_wconf 80' lang='lat' dir='ltr'><strong>cap.</strong></span> <span class='ocrx_word' id='word_1_233' title='bbox 494 3415 527 3470; x_wconf 73' lang='lat'><strong>34</strong></span> <span class='ocrx_word' id='word_1_234' title='bbox 537 3414 609 3476; x_wconf 76' lang='lat' dir='ltr'><strong>hujus</strong></span> <span class='ocrx_word' id='word_1_235' title='bbox 619 3414 687 3474; x_wconf 89' lang='lat' dir='ltr'><strong>libri,</strong></span> <span class='ocrx_word' id='word_1_236' title='bbox 729 3412 793 3477; x_wconf 76' lang='lat' dir='ltr'><strong>ginis</strong></span> <span class='ocrx_word' id='word_1_237' title='bbox 806 3412 905 3475; x_wconf 70' lang='lat' dir='ltr'><strong>qnidam</strong></span> <span class='ocrx_word' id='word_1_238' title='bbox 916 3413 987 3461; x_wconf 87' lang='lat' dir='ltr'><strong>MSS.</strong></span> 
     </span>
     <span class='ocr_line' id='line_1_30' title="bbox 182 3481 1236 3557; baseline 0.002 -19"><span class='ocrx_word' id='word_1_239' title='bbox 182 3507 212 3540; x_wconf 88' lang='lat' dir='ltr'><strong>eo</strong></span> <span class='ocrx_word' id='word_1_240' title='bbox 226 3493 303 3540; x_wconf 87' lang='lat' dir='ltr'><strong>utitur</strong></span> <span class='ocrx_word' id='word_1_241' title='bbox 316 3493 405 3550; x_wconf 85' lang='lat' dir='ltr'><strong>verbo,</strong></span> <span class='ocrx_word' id='word_1_242' title='bbox 417 3493 485 3555; x_wconf 88' lang='lat' dir='ltr'><strong>quod</strong></span> <span class='ocrx_word' id='word_1_243' title='bbox 500 3492 599 3542; x_wconf 82' lang='lat' dir='ltr'><strong>solenne</strong></span> <span class='ocrx_word' id='word_1_244' title='bbox 613 3493 688 3544; x_wconf 85' lang='lat' dir='ltr'><strong>estin</strong></span> <span class='ocrx_word' id='word_1_245' title='bbox 768 3492 792 3541; x_wconf 86' lang='grc'><strong>3.</strong></span> <span class='ocrx_word' id='word_1_246' title='bbox 802 3491 974 3540; x_wconf 81' lang='lat' dir='ltr'><strong>Necessitatem</strong></span> <span class='ocrx_word' id='word_1_247' title='bbox 981 3490 1052 3555; x_wconf 74' lang='lat' dir='ltr'><strong>petri</strong></span> <span class='ocrx_word' id='word_1_248' title='bbox 1062 3481 1113 3557; x_wconf 79' lang='lat' dir='ltr'><strong>ejus</strong></span> <span class='ocrx_word' id='word_1_249' title='bbox 1128 3491 1236 3556; x_wconf 61' lang='lat' dir='ltr'><strong>birginio</strong></span> 
     </span>
     <span class='ocr_line' id='line_1_31' title="bbox 182 3569 1237 3636; baseline 0.003 -20"><span class='ocrx_word' id='word_1_250' title='bbox 182 3570 233 3630; x_wconf 84' lang='lat' dir='ltr'><strong>ejus</strong></span> <span class='ocrx_word' id='word_1_251' title='bbox 241 3570 309 3618; x_wconf 88' lang='lat' dir='ltr'><strong>modi</strong></span> <span class='ocrx_word' id='word_1_252' title='bbox 317 3570 398 3619; x_wconf 83' lang='lat' dir='ltr'><strong>rebus.</strong></span> <span class='ocrx_word' id='word_1_253' title='bbox 410 3573 455 3618; x_wconf 86' lang='lat' dir='ltr'><strong>En.</strong></span> <span class='ocrx_word' id='word_1_254' title='bbox 466 3599 501 3607; x_wconf 91' lang='lat'>-</span> <span class='ocrx_word' id='word_1_255' title='bbox 509 3573 610 3621; x_wconf 75' lang='lat' dir='ltr'><strong>Duabus.</strong></span> <span class='ocrx_word' id='word_1_256' title='bbox 621 3573 688 3620; x_wconf 85' lang='lat' dir='ltr'><strong>tabu·</strong></span> <span class='ocrx_word' id='word_1_257' title='bbox 731 3569 858 3634; x_wconf 84' lang='lat' dir='ltr'><strong>imposuit,</strong></span> <span class='ocrx_word' id='word_1_258' title='bbox 879 3581 926 3618; x_wconf 85' lang='lat' dir='ltr'><strong>eto.</strong></span> <span class='ocrx_word' id='word_1_259' title='bbox 942 3571 969 3616; x_wconf 90' lang='lat' dir='ltr'><strong>in</strong></span> <span class='ocrx_word' id='word_1_260' title='bbox 984 3570 1106 3636; x_wconf 82' lang='lat' dir='ltr'><strong>plerisque</strong></span> <span class='ocrx_word' id='word_1_261' title='bbox 1119 3572 1181 3619; x_wconf 87' lang='lat' dir='ltr'><strong>MSS</strong></span> <span class='ocrx_word' id='word_1_262' title='bbox 1192 3571 1237 3620; x_wconf 85' lang='lat' dir='ltr'><strong>im-</strong></span> 
     </span>
     <span class='ocr_line' id='line_1_32' title="bbox 182 3647 1235 3715; baseline 0.002 -19"><span class='ocrx_word' id='word_1_263' title='bbox 182 3648 211 3696; x_wconf 78' lang='lat' dir='ltr'><strong>lis</strong></span> <span class='ocrx_word' id='word_1_264' title='bbox 229 3647 265 3695; x_wconf 85' lang='lat' dir='ltr'><strong>ad</strong></span> <span class='ocrx_word' id='word_1_265' title='bbox 279 3648 360 3694; x_wconf 83' lang='lat' dir='ltr'><strong>decem</strong></span> <span class='ocrx_word' id='word_1_266' title='bbox 374 3647 489 3713; x_wconf 75' lang='lat' dir='ltr'><strong>aelJ&#39;eeti55</strong></span> <span class='ocrx_word' id='word_1_267' title='bbox 506 3649 558 3698; x_wconf 83' lang='lat' dir='ltr'><strong>haeo</strong></span> <span class='ocrx_word' id='word_1_268' title='bbox 570 3666 624 3712; x_wconf 80' lang='lat' dir='ltr'><strong>qnae</strong></span> <span class='ocrx_word' id='word_1_269' title='bbox 636 3666 687 3698; x_wconf 85' lang='lat' dir='ltr'><strong>nou</strong></span> <span class='ocrx_word' id='word_1_270' title='bbox 725 3649 826 3715; x_wconf 81' lang='lat' dir='ltr'><strong>posuit:</strong></span> <span class='ocrx_word' id='word_1_271' title='bbox 836 3661 908 3713; x_wconf 84' lang='lat' dir='ltr'><strong>rapto</strong></span> <span class='ocrx_word' id='word_1_272' title='bbox 921 3649 985 3696; x_wconf 84' lang='lat' dir='ltr'><strong>enim</strong></span> <span class='ocrx_word' id='word_1_273' title='bbox 995 3664 1028 3696; x_wconf 73' lang='lat' dir='ltr'><strong>ex</strong></span> <span class='ocrx_word' id='word_1_274' title='bbox 1039 3650 1139 3698; x_wconf 82' lang='lat' dir='ltr'><strong>taberna</strong></span> <span class='ocrx_word' id='word_1_275' title='bbox 1147 3651 1235 3714; x_wconf 74' lang='lat' dir='ltr'><strong>proxi·</strong></span> 
     </span>
     <span class='ocr_line' id='line_1_33' title="bbox 181 3725 1235 3795; baseline 0.004 -23"><span class='ocrx_word' id='word_1_276' title='bbox 181 3725 395 3790; x_wconf 82' lang='lat' dir='ltr'><strong>reperiebentnrin</strong></span> <span class='ocrx_word' id='word_1_277' title='bbox 402 3727 524 3776; x_wconf 85' lang='lat' dir='ltr'><strong>veteribus</strong></span> <span class='ocrx_word' id='word_1_278' title='bbox 532 3728 604 3777; x_wconf 83' lang='lat' dir='ltr'><strong>editis</strong></span> <span class='ocrx_word' id='word_1_279' title='bbox 612 3763 619 3788; x_wconf 95' lang='lat'><strong>,</strong></span> <span class='ocrx_word' id='word_1_280' title='bbox 628 3744 687 3777; x_wconf 86' lang='lat' dir='ltr'><strong>eon·</strong></span> <span class='ocrx_word' id='word_1_281' title='bbox 730 3744 772 3775; x_wconf 87' lang='lat' dir='ltr'><strong>ma</strong></span> <span class='ocrx_word' id='word_1_282' title='bbox 782 3728 859 3776; x_wconf 79' lang='lat' dir='ltr'><strong>cultro</strong></span> <span class='ocrx_word' id='word_1_283' title='bbox 864 3727 949 3795; x_wconf 81' lang='lat' dir='ltr'><strong>filiam</strong></span> <span class='ocrx_word' id='word_1_284' title='bbox 962 3727 1064 3786; x_wconf 83' lang='lat' dir='ltr'><strong>oceidit;</strong></span> <span class='ocrx_word' id='word_1_285' title='bbox 1075 3730 1147 3792; x_wconf 89' lang='lat' dir='ltr'><strong>prob.</strong></span> <span class='ocrx_word' id='word_1_286' title='bbox 1161 3729 1235 3778; x_wconf 82' lang='lat' dir='ltr'><strong>Drak.</strong></span> 
     </span>
     <span class='ocr_line' id='line_1_34' title="bbox 181 3804 1236 3872; baseline 0.003 -20"><span class='ocrx_word' id='word_1_287' title='bbox 181 3804 289 3852; x_wconf 81' lang='lat' dir='ltr'><strong>einnevit</strong></span> <span class='ocrx_word' id='word_1_288' title='bbox 306 3804 419 3867; x_wconf 77' lang='lat' dir='ltr'><strong>Sigonius</strong></span> <span class='ocrx_word' id='word_1_289' title='bbox 431 3807 520 3869; x_wconf 75' lang='lat' dir='ltr'><strong>pertint</strong></span> <span class='ocrx_word' id='word_1_290' title='bbox 536 3823 567 3854; x_wconf 85' lang='lat' dir='ltr'><strong>ex</strong></span> <span class='ocrx_word' id='word_1_291' title='bbox 580 3806 687 3872; x_wconf 81' lang='lat' dir='ltr'><strong>vestigiis</strong></span> <span class='ocrx_word' id='word_1_292' title='bbox 730 3805 804 3855; x_wconf 88' lang='lat' dir='ltr'><strong>modo</strong></span> <span class='ocrx_word' id='word_1_293' title='bbox 817 3818 873 3854; x_wconf 86' lang='lat' dir='ltr'><strong>ente</strong></span> <span class='ocrx_word' id='word_1_294' title='bbox 886 3806 1049 3854; x_wconf 81' lang='lat' dir='ltr'><strong>necessitatem</strong></span> <span class='ocrx_word' id='word_1_295' title='bbox 1060 3807 1178 3856; x_wconf 86' lang='lat' dir='ltr'><strong>inseratur</strong></span> <span class='ocrx_word' id='word_1_296' title='bbox 1191 3809 1236 3856; x_wconf 87' lang='lat' dir='ltr'><strong>mi·</strong></span> 
     </span>
     <span class='ocr_line' id='line_1_35' title="bbox 182 3873 1242 3950; baseline 0.004 -20"><span class='ocrx_word' id='word_1_297' title='bbox 182 3873 317 3946; x_wconf 73' lang='lat' dir='ltr'><strong>depravatae</strong></span> <span class='ocrx_word' id='word_1_298' title='bbox 335 3883 440 3945; x_wconf 74' lang='lat' dir='ltr'><strong>entique</strong></span> <span class='ocrx_word' id='word_1_299' title='bbox 457 3884 583 3945; x_wconf 83' lang='lat' dir='ltr'><strong>lectionis,</strong></span> <span class='ocrx_word' id='word_1_300' title='bbox 597 3888 686 3950; x_wconf 81' lang='lat' dir='ltr'><strong>partim</strong></span> <span class='ocrx_word' id='word_1_301' title='bbox 729 3901 823 3941; x_wconf 82' lang='lat' dir='ltr'><strong>seram,</strong></span> <span class='ocrx_word' id='word_1_302' title='bbox 838 3885 878 3932; x_wconf 86' lang='lat' dir='ltr'><strong>vel</strong></span> <span class='ocrx_word' id='word_1_303' title='bbox 896 3897 1045 3943; x_wconf 78' lang='lat' dir='ltr'><strong>extremam,</strong></span> <span class='ocrx_word' id='word_1_304' title='bbox 1060 3886 1100 3934; x_wconf 87' lang='lat' dir='ltr'><strong>vel</strong></span> <span class='ocrx_word' id='word_1_305' title='bbox 1117 3884 1242 3937; x_wconf 54' lang='lat' dir='ltr'><strong>ultimam?</strong></span> 
     </span>
     <span class='ocr_line' id='line_1_36' title="bbox 181 3951 1236 4028; baseline 0.006 -18"><span class='ocrx_word' id='word_1_306' title='bbox 181 3961 276 4026; x_wconf 79' lang='lat' dir='ltr'><strong>exipso</strong></span> <span class='ocrx_word' id='word_1_307' title='bbox 286 3961 419 4009; x_wconf 80' lang='lat' dir='ltr'><strong>LivioEn.</strong></span> <span class='ocrx_word' id='word_1_308' title='bbox 766 3971 790 4021; x_wconf 77' lang='grc'><strong>4.</strong></span> <span class='ocrx_word' id='word_1_309' title='bbox 804 3951 904 4028; x_wconf 63' lang='lat' dir='ltr'><strong>Magne</strong></span> <span class='ocrx_word' id='word_1_310' title='bbox 915 3964 1038 4022; x_wconf 69' lang='lat' dir='ltr'><strong>luxuria,</strong></span> <span class='ocrx_word' id='word_1_311' title='bbox 1054 3953 1236 4016; x_wconf 67' lang='lat' dir='ltr'><strong>incontinentia</strong></span> 
     </span>
     <span class='ocr_line' id='line_1_37' title="bbox 216 4039 1297 4108; baseline 0.006 -20"><span class='ocrx_word' id='word_1_312' title='bbox 216 4056 242 4088; x_wconf 79' lang='lat' dir='ltr'><strong>a.</strong></span> <span class='ocrx_word' id='word_1_313' title='bbox 252 4039 332 4088; x_wconf 73' lang='lat' dir='ltr'><strong>Invito</strong></span> <span class='ocrx_word' id='word_1_314' title='bbox 345 4055 427 4087; x_wconf 80' lang='lat' dir='ltr'><strong>eorum</strong></span> <span class='ocrx_word' id='word_1_315' title='bbox 438 4041 536 4105; x_wconf 82' lang='lat' dir='ltr'><strong>imperio</strong></span> <span class='ocrx_word' id='word_1_316' title='bbox 550 4059 582 4090; x_wconf 86' lang='lat' dir='ltr'><strong>ex</strong></span> <span class='ocrx_word' id='word_1_317' title='bbox 591 4044 685 4092; x_wconf 84' lang='lat' dir='ltr'><strong>emend.</strong></span> <span class='ocrx_word' id='word_1_318' title='bbox 730 4046 757 4091; x_wconf 91' lang='lat' dir='ltr'><strong>in</strong></span> <span class='ocrx_word' id='word_1_319' title='bbox 770 4059 795 4090; x_wconf 78' lang='lat' dir='ltr'><strong>re</strong></span> <span class='ocrx_word' id='word_1_320' title='bbox 812 4045 925 4099; x_wconf 74' lang='lat' dir='ltr'><strong>venerea,</strong></span> <span class='ocrx_word' id='word_1_321' title='bbox 941 4042 1065 4103; x_wconf 85' lang='lat' dir='ltr'><strong>libidinie;</strong></span> <span class='ocrx_word' id='word_1_322' title='bbox 1079 4044 1128 4092; x_wconf 87' lang='lat' dir='ltr'><strong>nisi</strong></span> <span class='ocrx_word' id='word_1_323' title='bbox 1142 4046 1248 4108; x_wconf 56' lang='lat' dir='ltr'><strong>etqui·</strong></span> <span class='ocrx_word' id='word_1_324' title='bbox 1295 4055 1297 4062; x_wconf 92' lang='lat'>&#39;</span> 
     </span>
     <span class='ocr_line' id='line_1_38' title="bbox 182 4118 1235 4188; baseline 0.004 -20"><span class='ocrx_word' id='word_1_325' title='bbox 182 4119 255 4168; x_wconf 75' lang='lat' dir='ltr'><strong>urat.</strong></span> <span class='ocrx_word' id='word_1_326' title='bbox 267 4120 338 4170; x_wconf 81' lang='lat' dir='ltr'><strong>Cous.</strong></span> <span class='ocrx_word' id='word_1_327' title='bbox 348 4118 513 4179; x_wconf 80' lang='lat' dir='ltr'><strong>Ltv.111‚38.</strong></span> <span class='ocrx_word' id='word_1_328' title='bbox 527 4122 604 4170; x_wconf 81' lang='lat' dir='ltr'><strong>Invito</strong></span> <span class='ocrx_word' id='word_1_329' title='bbox 614 4125 684 4172; x_wconf 82' lang='lat' dir='ltr'><strong>Mss.</strong></span> <span class='ocrx_word' id='word_1_330' title='bbox 730 4121 832 4172; x_wconf 82' lang='lat' dir='ltr'><strong>busdam</strong></span> <span class='ocrx_word' id='word_1_331' title='bbox 851 4123 983 4187; x_wconf 80' lang='lat' dir='ltr'><strong>MSSleg.</strong></span> <span class='ocrx_word' id='word_1_332' title='bbox 1007 4138 1104 4188; x_wconf 67' lang='lat' dir='ltr'><strong>magnes</strong></span> <span class='ocrx_word' id='word_1_333' title='bbox 1125 4123 1235 4188; x_wconf 66' lang='lat' dir='ltr'><strong>injurie,</strong></span> 
     </span>
    </p>
   </div>
   <div class='ocr_carea' id='block_1_6' title="bbox 0 0 1492 4712">
    <p class='ocr_par' dir='ltr' id='par_1_6' title="bbox 0 0 1492 4712">
     <span class='ocr_line' id='line_1_39' title="bbox 0 0 1492 4712; baseline 0 1"><span class='ocrx_word' id='word_1_334' title='bbox 0 0 1492 4712; x_wconf 95' lang='lat' dir='ltr'><strong> </strong></span> 
     </span>
    </p>
   </div>
  </div>
 </body>
</html>
