2970 4712
199 378 322 478 33533333
400 397 493 464 tte.
521 397 630 465 xuv.
659 399 767 466 cnr.
794 400 875 464 xx.
904 359 1009 465 xxi.
1169 397 1238 468 305

172 519 357 592 sordidam
370 532 506 590 vestem
519 518 752 603 habuissent,
764 519 964 616 lugentium
984 519 1102 592 Persei
1117 545 1241 592 casum

172 629 332 728 praebere
349 687 352 692 .
367 631 523 726 speciem
553 644 745 726 poterant,
778 643 973 726 postquam
1006 631 1161 702 consulti
1194 629 1240 703 ab

171 745 221 812 Μ.
243 743 352 810 Junio
371 738 518 810 consule
538 744 679 827 PatrcS,
700 737 878 826 stantibus
896 736 934 808 in
950 741 1097 811 comitio
1117 742 1241 839 legatis

172 875 220 922 an
236 851 380 937 locum,
405 849 536 935 lautia,
562 863 803 945 senatumque
826 847 953 921 darent
963 852 991 936 ⁴,
1014 851 1156 922 nullum
1174 849 1240 923 ho-

172 959 299 1057 spitale
322 958 377 1053 jus
399 959 438 1028 in
461 959 504 1030 iis
529 957 746 1030 servandum
770 974 1009 1047 censuerunt;
1033 983 1195 1058 egressus
1221 989 1241 1034 e

173 1071 272 1140 curia
288 1068 437 1157 consul,
451 1094 566 1166 quum
579 1068 732 1157 Rhodii,
746 1069 962 1166 gratulatum
980 1095 1018 1140 se
1033 1071 1078 1142 de
1093 1073 1242 1146 victoria

174 1193 442 1276 purgatumque
467 1181 616 1250 civitatis
636 1181 786 1250 crimina
806 1180 966 1252 dicentes
989 1183 1151 1269 venisse,
1176 1209 1242 1281 pe·

111 1367 113 1376 ,
174 1289 319 1376 tissent,
341 1301 381 1357 ut
402 1303 546 1360 senatus
568 1289 636 1360 sibi
654 1290 813 1378 daretur,
831 1291 1066 1387 pronuntiat:
1084 1296 1196 1364 Sociis
1211 1311 1246 1366 et

173 1405 297 1470 amicis
315 1399 444 1470 etalio
467 1407 617 1471 comiter
628 1417 735 1494 atque
753 1401 975 1498 hospitaliter
980 1418 1158 1499 praestare
1171 1409 1244 1476 Ro·

174 1535 321 1597 manos,
344 1527 380 1580 et
397 1511 562 1581 senatum
585 1511 675 1580 dare
693 1535 901 1583 consuesse:
920 1511 1082 1583 Rbodt'os
1101 1539 1174 1583 non
1194 1521 1245 1586 ita

173 1626 313 1690 meritos
334 1645 377 1690 eo
395 1619 508 1707 bello,
526 1635 567 1692 ut
579 1626 776 1691 amicorum
790 1618 992 1694 sociorum⁵
1006 1647 1156 1694 numero
1174 1626 1244 1696 hc-

175 1731 285 1801 bendc'
296 1737 378 1801 sint.
394 1732 457 1802 His
472 1731 622 1820 auditis,
641 1745 912 1828 prostraverunt
928 1757 965 1803 se
983 1757 1109 1804 omnes
1124 1732 1244 1820 bumi,

174 1841 437 1937 consulemque
462 1856 499 1913 et
526 1856 696 1927 cunctos,
725 1843 787 1938 qui
813 1840 1173 1928 aderant,01·antes,
1196 1871 1244 1918 ne

174 1977 268 2022 nova
291 1951 451 2049 falsaque
480 1953 630 2022 crimina
643 1953 737 2049 ¹plus
765 1952 892 2022 obesse
923 1951 1072 2023 Rhodiis
1100 1979 1245 2050 aequum

174 2077 382 2152 censerent,
404 2087 514 2159 quam
535 2063 684 2159 antiqua
705 2062 851 2148 merita,
873 2087 1032 2158 quorum
1048 2064 1117 2161 ipsi
1135 2080 1244 2137 testes

99 2224 108 2234 .
173 2186 304 2243 essent.
323 2171 534 2270 Extemplo,
554 2186 653 2244 veste
671 2170 991 2269 sordida-sumpta,
1009 2171 1136 2244 domos
1149 2176 1246 2271 prin-

173 2283 296 2378 cipum
314 2306 397 2352 cum
415 2281 585 2379 precibus
607 2305 649 2353 ae
666 2283 832 2379 lacrymis
851 2281 1111 2372 circumibant,
1134 2309 1243 2358 oran-

173 2406 247 2476 tes,
265 2406 307 2462 ut
321 2393 422 2491 prius
440 2408 701 2492 cognoscerent
717 2417 880 2478 oausam,
895 2417 1007 2494 quam
1026 2394 1243 2467 condemna·

173 2517 312 2572 rentur.

222 2614 315 2681 XXI.
336 2612 393 2681 Μ’.
414 2615 605 2684 Juventius
627 2614 764 2684 Thalna
785 2618 941 2712 praetor,
954 2613 1058 2707 cujus
1078 2616 1172 2685 inter
1192 2617 1242 2686 ci·

174 2745 235 2792 ves
258 2736 295 2793 et
315 2723 523 2820 peregrinos
538 2723 741 2818 jurisdictio
760 2739 853 2812 erat,
872 2723 1051 2821 populum
1073 2722 1243 2795 adversus

173 2832 334 2903 Rhodios
346 2831 537 2922 incitabat,
553 2837 854 2931 rogationemque
868 2832 1180 2930 promulgaverat,
1200 2839 1247 2903 tn

174 3052 251 3089 tatem
269 3049 452 3096 converterunta
470 3039 526 3088 virle
542 3039 574 3088 ad
594 3043 684 3101 xxlt,
727 3041 780 3090 aliie
793 3051 819 3089 α.
831 3039 994 3102 sociorumve,
1007 3039 1046 3086 vel
1059 3054 1085 3088 a.
1102 3050 1147 3087 aut
1163 3040 1242 3087 socio·

175 3121 218 3179 51,
230 3137 256 3169 n.
270 3121 293 3169 3.
304 3121 381 3166 —Et
386 3154 394 3178 ‚
409 3119 431 3167 si
440 3119 568 3170 sordidam
576 3131 681 3178 uestem,
728 3137 796 3177 rum,
812 3119 851 3167 vel
865 3136 892 3167 a.
909 3118 1085 3182 sociorumque.
1095 3144 1130 3154 -
1142 3119 1182 3164 Ne
1195 3135 1240 3166 no-

174 3209 221 3248 ete.
244 3199 338 3246 nullum
362 3199 403 3247 hic
429 3199 511 3248 locum
533 3200 629 3267 copulae
651 3199 685 3248 ait
730 3215 760 3248 va
774 3197 877 3246 crimura
892 3198 947 3260 plus
966 3197 1048 3244 obesse
1062 3196 1176 3254 Rhodiis,
1192 3208 1239 3248 etc.

174 3278 270 3327 Waleb.
284 3278 385 3328 Emend.
398 3279 452 3328 Liv.
467 3297 493 3343 p.
507 3281 573 3339 228,
588 3279 685 3340 etconj.
733 3300 744 3321 ι
757 3277 835 3326 Etiam
845 3277 886 3324 hic
898 3277 981 3334 loeus,
990 3276 1024 3325 ait
1034 3276 1130 3326 Walcb.
1140 3294 1166 3342 p.
1179 3292 1239 3340 229,

176 3369 217 3414 ut,
242 3357 311 3422 quod
329 3358 435 3421 quidem.
449 3357 564 3424 intelligit
583 3369 682 3422 upote,
730 3356 898 3406 emendatione
911 3355 1007 3420 egebit,
1022 3356 1042 3404 si
1057 3373 1112 3403 vere
1125 3368 1239 3406 censeant

176 3437 249 3502 quia,
270 3438 351 3486 collat.
368 3437 429 3486 Caes.
450 3438 480 3486 de
497 3438 559 3487 Bell.
575 3437 640 3488 Gall.
652 3439 685 3496 V,
729 3436 809 3494 Dola,
820 3435 895 3484 Drak.
914 3447 938 3484 et
949 3436 1046 3485 Crever.
1063 3449 1178 3502 corrupte
1190 3437 1237 3484 cir-

177 3516 226 3578 43,
242 3527 266 3564 et
282 3518 350 3566 Cart.
369 3519 422 3578 111,
438 3533 467 3580 9,
488 3519 575 3580 ΠΝ,
591 3525 622 3576 4,
642 3519 683 3566 31.
728 3517 843 3565 cumlerri
852 3525 964 3580 capas,
977 3532 1007 3562 ne
1013 3516 1070 3580 plus
1082 3515 1236 3574 obsitnobis,
1333 3541 1336 3560 i

177 3594 226 3642 Sed
236 3595 272 3642 nil
284 3611 357 3658 opus.
371 3597 418 3642 Eu.
728 3596 797 3660 quod
819 3613 867 3642 uno
892 3595 953 3643 bello
978 3595 1137 3650 cessavimus,
1162 3611 1238 3660 quarn

212 3681 238 3728 t.
249 3673 372 3721 Stantibus
384 3673 408 3720 r‘n
418 3673 515 3721 comitio
525 3673 535 3739 (
545 3675 602 3722 vide
615 3674 646 3722 ad
657 3679 684 3734 1,
728 3674 796 3738 quod
805 3673 898 3720 duobus
911 3673 977 3721 bellis
980 3691 1029 3737 pro
1041 3672 1110 3721 uobis
1118 3671 1239 3738 pugnavi-

177 3753 210 3800 ³6
219 3787 226 3810 ,
234 3769 260 3799 n.
274 3750 308 3814 6)
320 3750 405 3816 legatis
414 3769 448 3798 an
458 3752 551 3810 locum,
564 3753 643 3800 lautia
652 3769 685 3800 se·
729 3771 790 3802 mus.
806 3755 938 3822 Utriusque
951 3753 1001 3801 loci
1015 3769 1059 3816 par
1068 3763 1108 3820 ρει
1119 3739 1240 3800 raticiEx

175 3842 308 3894 natumque
319 3831 406 3879 dorent
411 3866 420 3889 ‚
432 3831 540 3879 dandum
549 3843 685 3893 censerent;
729 3834 882 3900 praecedente
894 3828 969 3881 verbo
979 3823 1111 3880 erueudrlrn
1120 3818 1165 3892 est,
1172 3831 1240 3896 quod

142 3967 145 3974 .
175 3910 233 3958 vide
244 3909 276 3956 ad
288 3911 342 3972 ΙΙΙ,
355 3925 440 3972 nr,n.
454 3911 568 3968 3;,v111,
586 3909 610 3969 5,
619 3927 644 3958 u.
659 3927 685 3970 1,
730 3915 757 3962 in
775 3914 851 3962 altero
871 3913 989 3960 orationis
1005 3911 1113 3959 membro
1127 3911 1164 3958 illi
1180 3926 1239 3958 oon-

140 3979 146 3990 *
176 3991 338 4048 extum,
352 3990 463 4052 39,n.8.
731 3993 831 4042 erarium
843 4002 984 4056 opponatur
994 4013 1015 4040 n.
1024 3989 1242 4043 Em-Condeme

214 4071 238 4117 5.
254 4067 395 4116 Amicorum
407 4068 542 4126 sociorum,
559 4069 610 4133 lege
624 4086 648 4116 a.
664 4081 689 4116 et
730 4083 862 4126 narentur,
875 4071 939 4118 forte
953 4069 1157 4126 condemnarent,
1169 4068 1243 4117 Grev.

177 4151 313 4210 sociorum,
332 4160 359 4197 ut
380 4149 456 4215 paulo
477 4161 550 4211 ante,
568 4161 611 4200 aut
631 4167 688 4200 cum
733 4162 757 4199 et
770 4147 912 4198 Drakenb-

280 4240 380 4306 VIII.
1016 4291 1029 4314 ,
1058 4255 1103 4302 20
