2966 4708
259 381 327 454 508
666 389 921 467 EPITOMAE,

256 522 373 596 retur,
394 507 471 605 ipse
492 530 530 578 se
554 506 694 580 occidit.
717 509 887 595 Mutilus,
913 532 1010 582 unus
1027 533 1072 580 ex
1090 509 1319 606 proscriptis,

257 616 347 689 clam
367 618 483 715 capite
505 617 681 716 adoperto
703 619 748 712 ad
768 621 922 717 posticas
944 618 1036 691 aedes
1054 620 1177 690 Basriae
1198 619 1319 690 uxoris

256 755 372 828 quum
391 731 616 821 accessisset,
634 732 809 806 admissus
825 759 900 806 non
921 747 995 823 est,
1014 735 1099 832 quia
1117 733 1221 804 illum
1238 757 1320 830 pro-

256 842 429 940 scriptum
457 841 611 932 diceret;
638 845 761 942 itaque
786 867 824 915 se
848 842 1060 932 transfodit,
1089 857 1125 914 et
1147 843 1319 939 sanguine

256 975 324 1023 suo
342 950 437 1025 sores
456 956 578 1025 uxoris
593 956 773 1053 respersit.
793 954 891 1026 Sulla
908 953 1038 1026 Nolam
1051 955 1090 1024 in
1106 954 1250 1023 Samnio
1266 975 1319 1022 re-

255 1063 394 1159 cepit9:
409 1062 646 1162 quadraginta
660 1079 799 1162 septem
813 1063 974 1162 legiones
987 1065 1025 1135 in
1039 1088 1145 1161 agros
1154 1073 1186 1106 ¹⁰
1196 1074 1320 1159 captos

256 1171 427 1262 deduxit,
451 1188 487 1245 et
509 1199 572 1246 eos
590 1176 633 1245 iis
654 1175 782 1246 divisit.
805 1174 1064 1262 Volaterras¹¹,
1092 1170 1193 1270 quod
1214 1171 1318 1269 oppi-

255 1279 344 1352 dum
366 1282 482 1355 adhuc
505 1285 545 1354 in
569 1285 676 1355 armis
697 1298 793 1372 erat,
815 1281 1019 1371 obsessum,
1038 1285 1076 1352 in
1099 1281 1319 1377 deditionem

255 1393 403 1491 accepit.
429 1392 609 1492 Mitylenae
635 1418 785 1492 quoque
809 1394 848 1463 in
870 1394 1008 1479 Asiam,
1030 1418 1111 1490 quae
1133 1391 1209 1463 sola
1234 1387 1320 1462 urbs

256 1517 340 1599 post
354 1501 490 1574 victum
508 1503 751 1576 Mithridatem
772 1527 870 1574 arma
889 1501 1090 1592 retinebat,
1109 1514 1319 1599 expugnatae

256 1610 455 1711 dirutaeque
473 1629 568 1686 sunt.
903 1621 906 1626 '

538 1798 766 1866 EPITOME
794 1797 934 1865 LIBRI
962 1796 1040 1864 XC.

251 1959 253 1963 ⁸
305 1972 401 2043 Sulla
422 1972 573 2044 decessit
585 1985 612 2062 ¹,
630 1972 820 2069 honosque
843 1973 916 2042 eia
935 1985 1061 2042 senatu
1081 1967 1225 2040 habitus
1247 1983 1318 2056 est,

257 2096 298 2152 ut
310 2083 349 2152 in
363 2107 498 2181 campo*
506 2084 635 2154 Martio
650 2082 875 2182 sepeliretur,
889 2085 937 2151 M.
950 2079 1131 2150 AEmilius²
1145 2078 1317 2177 Lepidus,

256 2263 316 2312 Exc.
327 2264 391 2314 Pith.
410 2276 434 2314 et
446 2265 503 2315 edd.
514 2283 553 2330 pr.
567 2266 649 2330 recepi
659 2282 706 2331 pro
723 2265 766 2314 Ga.
812 2267 838 2322 1,
849 2280 881 2328 9,
893 2275 917 2312 at
928 2261 1317 2322 adDiv.X1H,tseribit;an.

255 2342 313 2391 vide
325 2344 357 2392 ad
367 2345 435 2409 Epit.
448 2347 576 2406 LXXXV,
593 2361 615 2392 1.
625 2371 660 2381 -
669 2344 768 2392 Mutilus
850 2360 889 2393 ra.
903 2342 1031 2406 Mitylenae
1042 2357 1139 2406 quoque
1148 2341 1173 2389 in
1183 2341 1261 2399 Asia,
1272 2350 1317 2388 etc.

149 2419 153 2432 '
255 2423 386 2486 Paplorum
412 2439 564 2489 cognomen;
585 2423 668 2488 Sigon.
691 2422 767 2471 Muti·
812 2423 895 2472 urbem
912 2439 926 2470 a
942 2423 979 2471 M.
993 2420 1112 2479 Tbermo,
1128 2422 1198 2483 cujus
1217 2431 1318 2484 praetura

256 2499 315 2559 lius,
330 2501 453 2562 Marinus,
469 2513 493 2550 et
506 2500 617 2550 Metellus
631 2500 662 2549 al.
676 2526 712 2537 —
723 2503 769 2551 Ad
810 2518 929 2567 nusquam
942 2500 1001 2549 alibi
1020 2500 1152 2564 reperitur,
1162 2499 1229 2564 apud
1240 2497 1317 2548 solum

252 2579 361 2643 posticas
377 2581 459 2639 oedes5
471 2581 528 2630 vide
543 2579 575 2628 ad
590 2579 644 2630 Liv.
663 2581 765 2639 XXIII,
810 2583 876 2631 Suet.
888 2583 948 2632 Caes.
959 2596 973 2627 α
984 2579 1088 2644 legitur,
1097 2590 1122 2627 et
1130 2579 1200 2642 Pigb.
1211 2581 1276 2626 Anu.
1286 2575 1317 2624 sd

257 2661 287 2719 8,
299 2677 324 2708 n.
339 2661 354 2709 8
364 2661 450 2725 ;Duk.
462 2671 486 2710 et
498 2658 623 2711 Drakenb.
635 2659 669 2708 ad
675 2659 701 2707 b.
712 2660 766 2706 1.-
810 2678 832 2709 a.
843 2662 892 2722 672
904 2661 1056 2722 conjecturas
1066 2658 1141 2707 habet
1151 2658 1203 2706 sina
1214 2657 1317 2706 testimo

255 2738 362 2798 Bastia,
375 2742 442 2790 Laid.
456 2739 560 2790 Hastioe.
579 2739 695 2789 Neutrius
708 2753 765 2803 gan·
810 2741 995 2799 nIoVeterum;
1009 2736 1074 2787 out.

255 2819 287 2867 tis
307 2821 436 2886 quisquam
453 2821 575 2880 meminit,
594 2830 619 2867 et
634 2819 698 2867 forte
719 2817 765 2882 leg.
845 2813 1316 2878 ErinlIC.1.Sulladecessitphtbiriasi

256 2899 350 2948 Hostiae
356 2919 367 2959 ,·
379 2901 455 2949 Drah.
809 2907 936 2962 correptus
947 2913 970 2944 a.
984 2894 1046 2944 urb.
1063 2894 1115 2956 675
1135 2893 1254 2951 Puteolis,
1267 2907 1316 2956 quo

275 2983 277 2986 '
291 2995 316 3042 9.
327 2979 395 3028 Sulla
406 2981 498 3029 Nolam
509 2981 534 3030 ia
544 2979 644 3027 Samaria
658 2975 763 3040 recepit,
809 2985 962 3025 concesserat
981 2991 1004 3023 a.
1025 2973 1087 3023 Urb.
1106 2973 1173 3034 674,
1191 2983 1315 3035 postqmm

254 3057 330 3106 immo
339 3075 356 3106 a
367 3059 513 3108 Samnitibus
519 3096 528 3119 ,
550 3059 593 3124 qui
609 3057 764 3117 invaserant3
809 3065 898 3120 sponte
912 3070 938 3102 se
950 3053 1103 3102 abdicaverat
1116 3051 1236 3100 dictatura
1246 3066 1316 3114 seque

256 3137 333 3186 Gron.
355 3137 413 3188 coll.
435 3139 500 3204 Epit.
523 3139 639 3187 exxm.
662 3137 717 3184 Hoc
739 3135 766 3183 in
810 3144 921 3199 paratum
931 3149 982 3182 esse
994 3132 1089 3182 dixerm
1098 3130 1128 3178 ad
1142 3129 1260 3178 rationem
1269 3145 1316 3177 om·

254 3215 324 3266 Iaeid.
335 3233 460 3283 superesse
470 3217 579 3278 videtur3
590 3215 666 3264 Drak.
807 3213 876 3262 niam
885 3228 964 3261 rerum
974 3220 1148 3276 asagestamm
1156 3207 1312 3257 reddendam:

294 3312 333 3345 ro.
344 3299 443 3346 XLVII
462 3297 566 3363 legiones
583 3295 608 3344 ia
629 3311 701 3360 agros
721 3309 764 3340 ca·
813 3295 974 3356 -Honosque
987 3290 1011 3338 ei
1022 3299 1131 3337 arenata
1138 3287 1233 3336 liabitas
1242 3298 1282 3344 est,
1290 3297 1316 3335 nt

250 3386 309 3440 ptos
316 3411 325 3434 ,
342 3387 391 3426 etc.
410 3376 451 3425 vix
470 3375 537 3425 credi
556 3385 652 3441 potest,
673 3373 764 3421 Sullam
808 3387 898 3437 corpus
911 3368 1018 3418 humeris
1029 3378 1169 3416 senatorum
1181 3375 1315 3430 portaretur

255 3468 292 3506 tot
312 3457 421 3522 legiones
438 3457 484 3505 sub
504 3456 580 3521 algnis
600 3454 727 3513 habuisse,
740 3464 765 3500 et
808 3451 959 3514 incomptam
976 3446 1094 3495 Martium
1109 3445 1192 3508 ibique
1208 3443 1314 3509 sepelire·

255 3537 362 3602 Appiae.
385 3537 444 3586 Bell.
463 3537 517 3588 Cir.
535 3539 563 3594 1,
580 3550 628 3583 roo
651 3544 676 3583 et
703 3521 763 3590 rot,
809 3542 866 3587 tur,·
878 3527 921 3594 qni
934 3527 1014 3575 honos
1027 3541 1079 3574 non
1091 3524 1138 3572 nisi
1155 3524 1251 3588 regibru
1263 3523 1314 3572 ea-

255 3627 372 3666 mnorat
388 3634 469 3680 xxnr,
485 3628 509 3666 et
527 3632 577 3664 cxx
595 3613 671 3662 millia
687 3612 766 3660 homi-
810 3608 952 3672 aeribusque
969 3617 993 3655 et
1014 3621 1099 3654 eorum
1116 3600 1233 3667 familiae(
1239 3601 1280 3650 sed
1291 3612 1316 3649 et

254 3696 429 3756 unm3Dulser.
446 3698 545 3745 LXVII
555 3695 660 3759 legiones
671 3691 765 3740 Boend.
809 3687 892 3738 Hirtio
913 3702 942 3734 ac
965 3687 1063 3743 Panse,
1081 3684 1103 3732 si
1125 3681 1186 3730 fides
1208 3679 1315 3730 habenda

254 3785 279 3822 et
296 3774 335 3823 ed.
351 3778 435 3840 Camp.
451 3777 556 3825 XXVII
570 3773 675 3838 legiones
688 3771 766 3831 conji-
810 3767 875 3831 Epit.
887 3763 1103 3830 emirabitur.
1116 3762 1190 3811 Cous.
1205 3761 1237 3808 ad
1253 3760 1314 3825 Epit

255 3853 290 3901 cit
301 3853 485 3904 Drakenborch.
810 3847 882 3904 CVI,
902 3861 930 3906 13
941 3845 973 3893 ad
981 3844 1059 3893 Tacit.
1073 3846 1140 3892 Anu.
1152 3844 1180 3900 1,
1193 3843 1223 3901 8,
1236 3857 1261 3888 u.
1273 3840 1314 3897 13,

294 3948 334 3980 11.
350 3935 503 3992 Volaterras,
519 3943 566 3981 etc.
584 3930 673 3978 Sullam
696 3945 766 3994 agros
814 3927 858 3985 16,
874 3927 951 3984 XIII,
973 3941 1018 3986 17,
1035 3939 1059 3972 n.
1079 3939 1110 3982 a,
1131 3923 1238 3986 Appiae.
1257 3917 1315 3968 Bell.

256 4011 469 4061 Volaterranorum
491 3999 640 4078 publicasse,
657 4026 709 4060 non
728 4007 766 4055 di·
810 4005 864 4055 ctv.
877 4007 904 4065 l,
920 4005 1045 4064 rob-1063
1059 3999 1179 4050 Plutarch.
1197 4001 1223 4047 in
1241 3997 1314 4056 Sulla,

191 4145 193 4148 ι
257 4089 354 4149 risisse,
375 4106 453 4153 neque
475 4091 505 4138 iis
527 4088 649 4137 civitatem
671 4089 766 4151 'eripere
810 4100 865 4150 pag.
878 4082 1012 4144 474,475.

258 4168 381 4232 potuisse,
393 4167 443 4217 Cio.
457 4184 502 4232 pro
513 4167 600 4227 domo,
617 4169 662 4227 30,
674 4167 704 4215 ad
714 4167 765 4214 Ao.
847 4180 871 4210 a.
883 4163 916 4209 Μ.
927 4160 1039 4209 AEmilr'ns
1048 4159 1151 4223 Lepidm
1163 4173 1213 4204 cos.
1225 4173 1247 4204 a.
1258 4153 1312 4202 Urb.
