2970 4712
256 373 325 444 288
674 375 712 440 r.
743 375 883 444 mvn
1173 357 1286 463 3:332:

254 497 301 566 Id
312 500 515 565 Masinissa
527 499 613 564 satis
627 517 723 578 esse,
739 496 883 584 ecferre,
904 494 1150 592 quodpopulo
1166 521 1311 566 romano

254 620 459 702 superesset.
479 607 567 674 Cum
583 609 626 672 iis
639 602 821 672 mandatis
836 628 860 672 a
869 607 1185 700 patreprcffeetum
1191 622 1313 700 postea

255 728 491 809 consequutos
501 717 650 808 equites,
661 718 727 808 qui
733 713 907 782 devictam
914 713 1171 784 Macedoniam
1180 720 1314 784 nunnu-

256 838 352 908 rent,
366 822 660 919 gratulatumque
676 829 820 892 senatui
824 821 1000 916 juberent
1013 823 1191 909 indicare,
1209 839 1314 894 tauta

257 957 428 1002 eamrem
442 930 577 1002 latitia
583 937 688 1029 patri
700 954 766 1002 suo
783 955 876 1014 esse,
898 951 939 1001 ut
951 937 1106 1003 Romam
1119 938 1243 1002 venire
1253 958 1314 1004 oe-

257 1039 315 1125 lu,
335 1045 483 1139 Iovique
507 1045 651 1138 Optimo
667 1047 833 1112 Maximo
858 1048 895 1111 iu
915 1041 1090 1139 Capitolio
1112 1048 1210 1113 sacri
1234 1068 1315 1113 care

258 1167 294 1220 et
308 1167 427 1246 grates
449 1175 572 1246 agere:
587 1152 643 1238 id,
663 1157 735 1221 uisi
749 1150 937 1222 molestum
952 1158 1015 1236 sit,
1039 1169 1080 1222 ut
1095 1158 1316 1249 eipennitta·

258 1276 324 1345 tur,
344 1260 392 1328 ab
411 1276 538 1331 senatu
548 1277 685 1358 petere.

305 1374 398 1441 XIV.
426 1375 649 1466 Responsum
667 1370 793 1465 regulo
810 1380 882 1440 est¹
903 1396 910 1436 :
935 1374 1070 1440 Facere
1081 1390 1226 1467 patrem
1243 1374 1317 1466 ejus

256 1485 505 1566 Masinissam,
531 1480 633 1577 quod
656 1485 777 1550 vt'rum
797 1497 944 1575 gratum
972 1480 1179 1577 bonumque
1191 1483 1319 1571 faeere

259 1592 405 1676 deceat,
424 1606 465 1659 ut
475 1596 636 1687 pretium
661 1590 906 1687 honoremque
924 1590 1043 1660 debito
1061 1591 1234 1685 beneficio
1252 1589 1319 1660 ad-

260 1700 359 1770 dat².
381 1704 433 1769 Et
449 1698 632 1796 populum
661 1725 848 1769 romanum
876 1699 925 1768 ab
956 1724 1018 1786 eo,
1046 1699 1138 1770 bello
1160 1706 1315 1797 punico,

248 1811 350 1899 sorte
355 1807 536 1905 fidelique
556 1833 667 1905 opera
687 1809 878 1903 adJuturu,·
899 1825 936 1878 et
953 1808 1053 1880 illum
1066 1862 1077 1894 ,
1088 1811 1241 1900 fervente
1254 1833 1318 1906 po·

253 1917 347 2015 pulo
365 1943 535 2002 romano,
554 1942 703 2013 regnum
719 1919 911 2016 adeptum
932 1924 1103 2015 aequitate
1115 1943 1184 1988 sua
1191 1935 1320 2016 postea

263 2143 309 2175 nos
321 2128 419 2187 referri,
432 2141 457 2177 et
470 2130 497 2176 in
514 2141 572 2178 nota
585 2131 617 2178 ad
630 2131 655 2178 h.
673 2131 691 2178 l.
705 2133 770 2192 conj.
815 2131 995 2180 uieoRomsnis
1005 2131 1321 2195 praestitumlioreorerrtque

264 2223 319 2268 quoe
329 2207 374 2254 sibi
375 2209 530 2272 proveniant.
542 2209 571 2257 Id
583 2211 702 2275 probabat
711 2211 772 2257 Dra·
815 2211 945 2258 verborum
959 2212 982 2258 b.
994 2227 1018 2258 a.
1030 2211 1095 2270 conj.
1110 2211 1186 2258 Gron.
1203 2210 1277 2258 Conf.
1290 2209 1320 2256 nd

263 2285 336 2332 kanb.
349 2287 391 2334 sed
400 2302 536 2350 pronomen
546 2289 698 2352 reciprocum
707 2305 770 2348 nou,
815 2291 900 2349 XXV,
913 2305 953 2349 17,
961 2305 986 2339 n.
1001 2289 1023 2336 5.
1034 2289 1082 2336 Sed
1094 2289 1190 2352 vulgata
1199 2289 1272 2336 lectio
1283 2286 1322 2334 fir·

202 2419 207 2426 ‚
264 2366 354 2423 atille,
368 2367 400 2414 ad
413 2366 772 2426 Masinissam‚sedadR0ma-
816 2379 895 2416 matur
905 2367 984 2416 verbis
996 2381 1064 2430 seqq.
1073 2377 1098 2414 et
1107 2382 1201 2430 semper
1211 2366 1271 2413 mihi
1279 2367 1320 2412 mi-

264 2461 323 2504 nos,
338 2457 366 2492 ut
378 2445 498 2509 posterius
509 2447 714 2503 se,reierendum
727 2463 772 2510 pu·
816 2443 884 2494 rifiee
907 2444 1000 2510 placuit
1026 2455 1077 2492 tum
1103 2445 1251 2504 urbanitate,
1272 2457 1321 2492 tum

265 2523 339 2572 tabat.
364 2524 398 2570 At
420 2523 517 2572 Crever.
533 2523 627 2572 emend.
645 2539 689 2570 nee
705 2523 775 2589 quid·
818 2541 889 2588 aequo
909 2525 1003 2584 judicio
1027 2523 1149 2586 animique
1171 2539 1223 2571 non
1244 2525 1322 2570 minus

266 2617 341 2665 quam
358 2615 435 2648 emere
454 2617 486 2648 ex
494 2599 618 2665 fructibus
635 2601 692 2666 agri
703 2603 735 2650 ab
748 2617 775 2650 se
791 2647 794 2653 ,
818 2604 879 2667 grati
891 2617 977 2651 sensu:
992 2602 1044 2650 brec
1056 2618 1125 2666 paene
1134 2603 1245 2666 languet,
1256 2615 1280 2650 et
1291 2602 1321 2649 ab

267 2679 336 2736 dati,
352 2691 376 2727 et
391 2695 422 2726 ea
435 2696 490 2744 quoe
501 2679 536 2728 ibi
542 2679 689 2744 proveniant
699 2681 774 2728 inter·
817 2682 860 2730 iun
880 2682 952 2730 nimis
973 2681 1046 2745 longe
1064 2681 1123 2729 abit.
1145 2682 1217 2730 Nune
1237 2681 1320 2739 video,

267 2769 442 2822 pretamentum
471 2775 521 2806 esse
550 2753 700 2807 existimabat
716 2759 775 2825 fru·
818 2760 881 2808 hanc
894 2760 967 2808 etiam
981 2759 1132 2824 displicuisse
1145 2760 1215 2808 Crev.
1228 2759 1322 2823 quido-

268 2849 349 2884 etuum
369 2836 437 2902 agri,
459 2847 483 2884 et
500 2836 622 2886 inficetum
643 2837 775 2886 verbosita-
819 2850 872 2893 eet,
891 2855 947 2887 enm
966 2837 1080 2906 benficia
1101 2838 1192 2886 addere
1210 2837 1324 2886 honorem

268 2928 325 2964 tem,
344 2917 470 2964 -Unam
489 2930 574 2964 vocem
596 2916 631 2964 ibi
650 2916 790 2966 delendam.
819 2919 963 2974 verborum,
978 2916 1153 2980 quibeneflcio
1168 2933 1182 2964 a
1197 2917 1323 2964 seeollato

269 3006 339 3060 putat
358 2998 490 3059 Doering.,
506 3006 531 3044 et
545 2996 580 3043 sie
598 2995 686 3055 verba,
699 3011 777 3059 neque
820 2996 893 3044 verba
905 2996 977 3044 addat
988 2995 1138 3052 honorifien3
1149 2994 1189 3042 hie
1203 3011 1262 3042 vero
1273 3010 1324 3042 non

269 3091 346 3120 emere
355 3091 397 3132 ea,
412 3073 568 3140 exfiuctibus
579 3075 635 3139 agri
642 3075 674 3122 ab
686 3090 711 3121 se
722 3074 778 3121 dati
821 3075 860 3140 agi
874 3075 904 3122 de
917 3073 1035 3122 beneficio
1048 3075 1182 3124 Masinissae
1197 3074 1223 3121 in
1236 3076 1324 3121 Roma-

270 3169 325 3217 quoe
334 3154 497 3216 proveniant,
512 3152 586 3218 paulo
601 3153 726 3217 copiosius
740 3153 776 3200 di·
820 3169 878 3212 nos,
893 3155 935 3201 sed
948 3156 1114 3201 Romanorum
1123 3153 1150 3200 in
1162 3153 1326 3210 Masinissam,

270 3243 308 3279 eta
319 3231 449 3279 arbitratur
462 3247 521 3296 pro,
539 3248 617 3295 neque
630 3247 708 3280 emere
725 3233 777 3279 sru-
821 3233 887 3295 quod
904 3231 962 3280 huie
979 3232 1107 3280 deberetur
1123 3232 1157 3278 ob
1174 3242 1324 3279 constantem

270 3309 391 3370 mentum,
405 3312 432 3358 in
448 3327 507 3374 agro
526 3310 558 3358 ab
575 3327 600 3358 se
617 3310 673 3358 dato
690 3327 778 3374 prove·
819 3309 908 3367 iidem3
921 3309 1031 3373 adeoque
1044 3311 1146 3357 comiter
1156 3320 1264 3357 senatum
1277 3309 1325 3356 ele-

268 3389 346 3438 niens.
366 3393 411 3437 En.
422 3417 457 3426 -
476 3389 549 3451 Quod
562 3389 654 3452 populo
674 3403 776 3437 romano
820 3404 876 3435 vare
889 3387 1033 3436 beneficium
1048 3387 1228 3436 suum'fstendo
1239 3421 1246 3445 ,
1258 3387 1327 3434 debi-

270 3479 414 3532 superesset‚·
425 3467 519 3515 vidend
527 3469 584 3516 Tac.
596 3469 659 3514 Ann.
667 3469 776 3528 xv‚r,3‚
822 3479 871 3516 tum
888 3468 961 3514 fuisse
981 3467 1128 3526 Masinissae3
1147 3466 1269 3530 quidquid
1290 3466 1327 3513 illi

270 3563 297 3595 n,
317 3564 338 3596 r.
353 3574 387 3584 —
403 3547 608 3608 Gratulatumque
624 3547 734 3603 senatui,
752 3556 777 3594 et
820 3545 955 3611 prestitum
971 3546 1044 3593 fuerit
1063 3562 1077 3593 a
1093 3544 1192 3609 populo
1213 3559 1326 3603 romnno;

271 3638 401 3690 postquam
424 3626 518 3674 senatui
545 3625 677 3688 gratulatus
700 3635 774 3684 esset3
820 3636 934 3689 praterea
943 3624 1012 3688 grati
1022 3625 1067 3672 viri
1081 3641 1143 3677 esse,
1158 3622 1327 3671 extollerebe-

272 3706 395 3754 Dmkeub.
767 3692 772 3700 ⁸
820 3701 933 3751 neiieium
949 3697 1217 3766 acceptum,i10nase
1234 3700 1327 3747 datum.

306 3785 367 3833 cn.
385 3783 455 3831 xlv.
481 3799 500 3831 r.
523 3785 667 3846 Responsum
693 3781 776 3845 regulo
820 3782 887 3829 Idem
908 3793 972 3828 recte
989 3791 1083 3838 monet,
1100 3790 1177 3828 totam
1195 3778 1257 3825 hane
1273 3794 1327 3825 ora-

272 3871 323 3917 est;
333 3861 388 3908 vide
398 3861 428 3909 ad
438 3863 460 3918 1,
474 3863 520 3924 39,
530 3878 554 3908 n.
566 3878 590 3909 a.
821 3861 912 3912 tionem
929 3859 955 3905 in
969 3875 998 3906 eo
1013 3874 1080 3914 esse,
1096 3869 1123 3904 ut
1141 3867 1236 3904 senatus
1249 3857 1327 3903 comi·

305 3953 330 3987 a.
347 3942 379 3986 ur
391 3939 498 4003 pretium
517 3938 680 4002 honoremque
697 3937 776 3985 debito
821 3949 869 3986 tate
878 3950 902 3986 et
909 3937 1022 3986 laudibus
1036 3947 1110 3985 certet
1124 3952 1180 3983 eum
1192 3935 1328 3982 Masinissae

269 4015 292 4062 ei
302 4016 418 4084 beneficio
425 4018 519 4075 addat,
527 4019 595 4078 justo
607 4029 631 4065 et
644 4017 731 4064 merito
741 4015 773 4063 ob
821 4015 980 4079 gratulatione
990 4027 1014 4064 et
1022 4014 1148 4062 modestia.
1158 4014 1223 4060 Hinc
1231 4024 1254 4060 et
1263 4012 1327 4059 bene

259 4091 508 4161 fortemfidelemque
519 4111 634 4159 operam,
652 4096 713 4144 bello
725 4097 772 4142 Pu·
817 4109 876 4142 mox
887 4094 953 4153 conj.
967 4105 992 4141 et
1004 4091 1178 4156 iiiumfarente
1183 4092 1276 4155 populo
1288 4107 1329 4136 ro·
