2984 4706
193 399 316 498 stat:
429 419 583 487 uranu
613 420 750 487 xnrv.
778 419 882 486 car.
910 417 973 485 ix.
1165 414 1231 487 185

167 541 323 640 experiri
348 539 506 611 mallent.
534 539 630 613 Nihil
659 549 701 612 'ea
730 540 877 611 consilia
904 554 1119 627 moverunt,
1147 542 1233 635 quia

167 651 268 746 ignes
293 649 337 719 ad
361 650 539 746 Enipeum
563 675 606 721 ex
630 652 724 748 regis
746 651 867 721 castris
889 648 1118 746 apparebant.
1140 653 1234 719 Tum

168 775 264 830 terra
281 761 444 856 marique
459 761 519 856 (et
540 760 658 832 classis
677 761 827 859 appulsa
846 759 893 831 ab
912 759 1016 831 litore
1035 759 1173 856 stabat)
1190 763 1234 831 si-

163 869 245 940 'mul
268 871 393 958 armis,
418 870 524 941 simul
549 870 719 968 operibus
744 870 1008 968 machinisque,
1030 872 1235 969 oppugnari

170 982 291 1077 coepti.
313 986 467 1052 Juvenes
489 981 596 1052 etiam
618 981 786 1078 quidam1
812 983 982 1068 Romani,
1001 980 1141 1053 ludicro
1164 984 1233 1054 cir-

171 1091 267 1162 censi
288 1090 333 1160 ad
355 1116 460 1161 usum
481 1089 567 1164 belli
587 1117 709 1180 verso,
730 1107 868 1190 partem
887 1090 1124 1162 humillimam
1140 1094 1236 1162 muri

171 1217 355 1298 ceperunt.
381 1205 461 1272 Mos
486 1216 562 1273 erat
586 1217 684 1288 tum,
706 1201 871 1273 nondum
893 1201 961 1272 hac
984 1195 1160 1272 effusione
1180 1203 1234 1270 in·
1325 1233 1327 1240 ¹

171 1311 281 1382 ducta
305 1309 427 1383 bestiis
454 1313 617 1382 omnium
644 1313 806 1408 gentium
835 1313 981 1384 Circum
1011 1309 1237 1408 complendi,

172 1424 269 1494 varia
292 1422 578 1519 spectaculorum
604 1424 818 1519 conquirere
840 1445 989 1518 genera,
1015 1445 1102 1507 nec,
1126 1414 1236 1492 semel

173 1532 372 1630 quadrigis,
397 1531 507 1603 semel
533 1531 713 1604 desultore
740 1534 887 1618 miss02,
917 1533 976 1608 vix
1002 1533 1111 1602 unius
1136 1531 1235 1602 horae

154 1737 155 1742 Ἰ
173 1658 316 1740 tempus
330 1657 526 1739 utrumque
539 1643 756 1715 curriculum
769 1642 984 1740 complebat.
1001 1646 1099 1714 Inter
1112 1658 1238 1714 caetera

174 1755 339 1850 sexageni
359 1751 472 1824 ferme
490 1749 679 1847 juvenes³,
696 1752 879 1823 interdum
896 1752 1018 1849 plures
1038 1754 1237 1850 apparatio-

174 1863 275 1935 ribus
291 1862 405 1951 ludis,
424 1864 549 1935 armati
569 1862 844 1934 inducebantur.
864 1868 1004 1934 Horum
1020 1863 1183 1934 inductio
1201 1865 1240 1933 in

212 2101 275 2150 Car.
285 2102 331 2148 IX.
343 2117 366 2150 1.
376 2105 477 2148 Juvenes
486 2100 560 2149 etiam
572 2101 685 2165 quidam,
729 2101 874 2164 complebat.
901 2103 937 2149 Ut
965 2111 1047 2149 tumen
1076 2095 1241 2166 producerent

176 2190 225 2227 etc.
245 2179 311 2228 cons.
335 2181 420 2245 fragm.
441 2181 531 2244 Polyb.
556 2182 685 2241 XXVIII,
729 2179 1239 2245 muneristempus,variaaliaspectacu-

181 2273 227 2316 ιι,
237 2275 270 2306 ex
282 2259 355 2306 Suida
363 2276 418 2309 voc.
430 2259 526 2329 capula
542 2273 686 2330 etuspapo-
730 2259 808 2306 lorum
817 2259 993 2323 conquirebant
998 2275 1103 2323 genera,
1112 2261 1140 2306 in
1151 2261 1241 2322 quibus

175 2327 399 2388 'edu—Nondum
416 2339 464 2386 ltac
477 2331 543 2404 (vide
565 2340 596 2386 ad
616 2343 641 2398 I,
661 2340 686 2392 5,
730 2349 781 2386 erat
797 2339 839 2386 illa
859 2339 966 2387 testudo.
989 2338 1139 2387 Curriculum
1154 2341 1240 2405 primae

178 2433 206 2466 u.
217 2416 242 2481 1)
251 2415 369 2482 effusione
378 2416 479 2466 inducta
489 2418 569 2467 bestiis
580 2418 687 2466 omnium
730 2416 787 2465 edd.
802 2418 869 2480 qnod
881 2417 943 2465 male
956 2418 1028 2466 Basil.
1045 2419 1111 2481 1539
1122 2431 1241 2468 mutatum

175 2497 285 2564 gentium
307 2497 403 2544 Circum
428 2497 583 2562 eomplmdi5
600 2497 686 2545 Baueri
730 2497 758 2544 in
766 2497 909 2545 circulum».
920 2500 968 2545 Pro
977 2514 1022 2544 nce
1030 2499 1103 2546 etiam
1111 2499 1160 2562 legi
1169 2515 1241 2565 posse

179 2591 239 2626 uota
253 2589 305 2626 cst:
322 2599 335 2620 a
343 2576 438 2643 Effiuio
455 2579 483 2626 in
504 2577 686 2642 spectantibus,
731 2593 790 2625 nam
801 2587 826 2624 et
839 2591 881 2635 ac,
889 2578 938 2639 jam
949 2576 991 2623 alii
1002 2593 1127 2625 monuere.

179 2657 314 2724 prolusio,
329 2657 400 2720 copia
425 2659 555 2716 Immensae,
587 2672 687 2719 appara*
767 2657 872 2704 &Inter
885 2668 975 2704 coetera
989 2657 1106 2722 sexageni
1115 2655 1194 2720 ferme
1201 2657 1243 2722 ju·

180 2747 220 2783 tus
235 2735 316 2798 largus
329 2735 424 2783 Circum
441 2734 591 2800 complendi,
606 2733 688 2799 efficis
733 2750 814 2792 venes,
828 2747 874 2782 etc.
884 2735 987 2799 pulchra
1000 2735 1132 2799 descriptio
1145 2736 1245 2784 testudi-

181 2815 207 2861 in
217 2831 272 2862 eum
284 2814 369 2862 bestiis
383 2813 475 2862 multis.
487 2814 539 2862 Cic.
551 2829 598 2877 pro
611 2815 686 2869 Rosc.
733 2815 771 2862 nis
789 2814 905 2862 militaris.
920 2815 993 2863 Conf.
1001 2816 1034 2870 V,
1047 2815 1077 2872 5,
1090 2830 1114 2860 n.
1130 2814 1244 2874 33simil,

182 2895 365 2957 Am.td,quas
374 2891 690 2960 ffuionesfieriputatisr'
733 2893 783 2944 loo.
802 2894 924 2941 Ammian.
942 2894 1045 2952 xxvi,
1068 2908 1114 2950 12,
1135 2904 1159 2939 et
1176 2895 1242 2958 Lips.

182 3001 217 3010 -
227 2971 311 3020 Bestiis
325 2971 435 3019 omnium
444 2971 554 3036 gentium
559 3005 567 3027 ,
588 2972 605 3018 i.
624 2988 645 3018 e.
660 2988 691 3020 ex
733 2973 841 3020 Poliorc.
850 2976 875 3031 Ι,
887 2975 910 3020 5.
923 2999 957 3008 -
968 2973 1124 3036 Sexagenos;
1137 2987 1187 3034 quo
1200 2987 1247 3019 nu·

184 3053 251 3100 omni
271 3061 387 3098 terrarum
410 3051 485 3112 orbe,
503 3051 610 3115 populo,
632 3067 691 3100 con·
736 3067 803 3100 mero
816 3051 847 3098 ad
862 3052 960 3100 ordines
973 3053 999 3097 in
1012 3051 1151 3114 legionibus
1164 3051 1248 3115 adspe-

184 3130 291 3194 quIsitis,
320 3131 470 3197 peregrinis:
489 3146 535 3177 nec
561 3129 609 3194 leg.
631 3142 693 3193 puto
737 3131 1123 3194 ctum,quitant1erant;nam
1138 3133 1248 3196 manipu-
1306 3122 1309 3131 ¹

185 3226 244 3258 cum.
258 3209 348 3257 Ursino
359 3225 488 3274 generum,
508 3207 576 3271 quod
588 3225 640 3272 prae
649 3209 693 3257 illo
736 3210 805 3257 latim
818 3222 860 3258 aut
873 3209 1027 3258 centuriatim
1039 3210 1066 3256 in
1076 3209 1211 3258 testudines
1224 3228 1249 3258 se

185 3290 317 3352 languet».
338 3289 411 3339 Conf.
425 3299 449 3336 et
460 3287 535 3336 Drnlr.
739 3288 932 3352 conglobabaut,
950 3305 981 3337 ue
1004 3290 1060 3352 quis
1080 3289 1249 3339 coniusIonem

222 3383 245 3416 a.
256 3369 323 3425 Nec,
338 3368 412 3416 semel
421 3367 560 3432 quadrigis,
572 3367 646 3414 seriel
658 3367 696 3414 de·
739 3379 811 3433 putet
818 3402 825 3429 ,
833 3379 875 3416 aut
883 3367 992 3415 ordinem
1003 3368 1042 3415 vel
1048 3369 1089 3416 hic
1098 3370 1249 3434 neglectum

186 3447 276 3516 sultare
288 3447 373 3504 misso,
389 3459 437 3495 etc.
451 3446 548 3495 vidend
559 3449 633 3504 VIII,
644 3454 677 3501 Io
689 3480 697 3504 ,
739 3448 805 3511 Lips.
818 3447 836 3497 l.
852 3447 868 3496 l.
881 3447 927 3495 Sed
937 3447 962 3496 b.
976 3447 993 3494 l.
1004 3447 1149 3498 describitur
1161 3449 1250 3498 ludicri

187 3544 214 3576 n.
228 3542 259 3587 n,
273 3538 298 3575 et
311 3526 342 3574 de
354 3527 474 3574 desultore
487 3526 518 3572 ad
531 3527 635 3583 XXIII,
647 3541 696 3588 29,
740 3543 827 3589 geum,
835 3527 924 3574 adrem
933 3527 1059 3575 militarem
1066 3529 1253 3588 translatum,et

188 3623 213 3655 n.
224 3607 247 3655 3.
265 3607 332 3656 Nota
342 3608 420 3654 Gron.
434 3617 470 3653 eet
481 3606 549 3652 haec:
561 3627 574 3646 α
584 3602 697 3654 Scriben-
741 3606 861 3655 interdum
868 3607 953 3670 plures
967 3610 1051 3655 armati
1065 3609 1251 3658 inducebantur.

189 3686 265 3733 dum:
286 3697 311 3733 et
329 3676 404 3732 sdmel
421 3683 555 3748 quadrigis.
575 3685 648 3742 Non,
664 3685 700 3730 In·
742 3686 923 3734 -Interdum
944 3688 1028 3751 plures
1055 3687 1253 3752 apparatioribus

189 3767 257 3830 quit,
274 3768 308 3813 itu
328 3763 553 3828 multiplicabantur
571 3762 700 3826 quadriga·
748 3763 1030 3830 (nagnifioeufioribus)
1046 3766 1108 3813 ludis
1124 3767 1205 3830 recepi
1216 3778 1254 3815 'ex

190 3861 243 3892 rum
256 3856 280 3892 et
293 3844 444 3892 desultorum
458 3845 557 3902 missus,
574 3851 602 3888 ut
616 3856 700 3890 nunc:
744 3844 840 3893 emend.
850 3844 942 3892 Mureti
952 3843 1013 3907 (rid.
1022 3847 1125 3903 XXIII,
1138 3853 1167 3908 4,
1178 3862 1203 3893 n.
1218 3846 1253 3912 ι).

190 3923 394 3986 semelquadrigae
406 3922 578 3979 mittebantur,
591 3920 649 3968 deIn
659 3937 701 3968 ex·
744 3922 932 3986 Apparitoribus
946 3923 1000 3970 ludi
1011 3922 1068 3972 edd.
1082 3923 1167 3986 prirnae
1181 3936 1204 3972 et
1218 3944 1254 3975 re-

177 4002 338 4052 nitebantur
360 4001 505 4058 desultores,
525 4010 549 4046 et
573 4009 701 4065 utrumque
745 4011 818 4049 centt.
828 4002 861 4048 ab
870 4001 1050 4064 apparitoribus
1060 4001 1113 4050 ludi
1124 4003 1164 4050 ed.
1177 4005 1255 4068 Lugd.

191 4081 279 4128 horum
297 4080 455 4136 curriculum,
473 4079 498 4128 h.
518 4095 539 4126 e.
555 4095 639 4126 cursus
654 4079 700 4144 (ut
748 4081 823 4138 1553,
837 4080 930 4128 etaliae.
943 4082 1031 4128 Saltem
1040 4081 1087 4145 leg.
1100 4084 1255 4146 apparatori-

193 4160 270 4219 XLV,
294 4159 337 4224 33)
359 4159 405 4206 aria
428 4158 499 4207 senius
521 4158 587 4208 liora
609 4171 700 4224 tempus
746 4161 788 4208 bus
802 4159 869 4218 ludi,
885 4159 924 4207 vel
943 4160 975 4207 ab
987 4161 1179 4225 apparatoribus
1194 4162 1255 4212 ludi.
