2970 4712
194 398 319 500 ἰῖὲῑέἓὲῑ
370 420 584 486 L1axnv.
612 419 707 486 aar.
734 417 894 484 xxxin.
921 415 1081 484 xxxlv.
1158 413 1225 486 335

169 539 337 634 privatiS,
356 553 391 608 et
407 537 629 620 civitatibus,
649 554 684 608 et
702 535 886 635 gentibus,
905 536 1000 607 dona
1017 538 1097 608 data
1113 540 1228 636 plera»

171 673 242 743 que
266 649 344 741 ejus
359 649 527 744 generis²
551 648 622 718 sint
636 647 690 717 ab
714 649 948 742 imperatore,
968 672 1042 716 non
1062 648 1100 717 iu
1123 673 1229 718 usum

170 757 281 863 modo
299 774 530 854 praesentem,
553 759 616 829 sed
637 760 743 828 etiam
761 756 860 854 quod
877 757 1005 829 domos
1022 758 1225 829 aveherent.

161 868 381 964 spectaculo
402 866 541 954 fuitei,
565 894 644 964 quae
667 882 833 951 venerat,
848 864 999 956 turbae³,
1018 893 1092 938 nou
1113 872 1226 940 sceni-

170 1001 252 1046 cum
271 979 381 1073 magis
401 977 599 1073 ludicrum,
625 1003 699 1048 non
722 978 917 1048 certamina
938 977 1147 1064 hominurn,
1168 995 1228 1049 aut

169 1087 344 1156 curricula
363 1111 560 1182 equorum,
580 1113 689 1184 quam
709 1085 828 1184 praeda
845 1087 1077 1158 Macedonica
1095 1091 1228 1174 omnis,

170 1211 210 1264 ut
232 1197 417 1281 viseretur,
436 1199 594 1294 exposita
614 1213 812 1268 statuarum
834 1194 1130 1292 tabularumque,
1154 1213 1229 1269 tex-

171 1304 299 1386 tilium,
309 1319 345 1374 et
354 1329 519 1377 vasorum
535 1332 579 1376 ex
596 1331 696 1392 auro,
707 1321 743 1376 et
753 1320 958 1402 argento,et
970 1330 1049 1392 aere,
1068 1322 1104 1378 et
1118 1305 1228 1378 ebore

70 1493 73 1502 Α
169 1411 346 1484 factorum
360 1417 497 1512 ingenti
511 1441 596 1486 cura
611 1417 647 1486 in
664 1441 705 1486 ea
718 1417 815 1512 regia
825 1419 859 1498 ἰς
878 1430 1009 1486 utnon
1028 1418 1065 1486 in
1081 1442 1230 1515 praesen-

171 1537 243 1592 tem
261 1523 371 1594 modo
388 1525 559 1621 speciem,
574 1522 742 1622 qualibus
755 1523 885 1596 referta
898 1528 995 1622 regia
1008 1527 1228 1598 Alexandriae

170 1646 264 1721 erat,
286 1629 406 1703 sedin
428 1649 646 1731 perpetuum
665 1657 770 1704 usum
795 1633 934 1710 fierent.
960 1641 1063 1721 Haec,
1084 1637 1122 1704 in
1141 1636 1227 1708 olas·

170 1768 243 1814 sem
266 1743 452 1841 imposita,
481 1744 689 1816 devehenda
706 1750 856 1815 Romam
880 1749 944 1814 Cn.
966 1747 1114 1827 Octavio
1132 1743 1223 1816 data.

169 1852 330 1937 Paullus,
356 1851 512 1951 benigne
532 1854 655 1952 legatis
676 1853 845 1940 dimissis,
867 1869 1107 1950 transgressus
1126 1861 1226 1952 Stry·

169 1986 336 2048 monem,
355 1962 452 2040 mille
474 1988 644 2060 passuum
665 1962 711 2033 ab
728 1963 934 2060 Amphipoli
952 1977 1066 2034 castra
1083 1967 1224 2061 posuit:

169 2071 252 2142 inde
272 2071 473 2169 profectus,
493 2073 630 2144 ‘Pellam
653 2073 781 2169 quinto
804 2071 862 2142 die
879 2074 1054 2169 pervenit.
1067 2077 1226 2146 ,Praeter-

168 2205 307 2276 gressus
326 2181 475 2268 urbem,
498 2182 542 2253 ad
564 2183 759 2280 Spelaeum,
780 2181 880 2278 quod
898 2199 1047 2270 vocant,
1071 2183 1224 2256 biduum

169 2305 346 2378 moratus,
360 2297 396 2362 P.
411 2295 573 2365 Nasicam
586 2308 622 2364 et
635 2296 678 2384 Q.
689 2295 886 2364 Maximum
899 2292 1012 2364 filium
1028 2319 1110 2365 cum
1125 2315 1226 2395 parte

168 2400 353 2496 copiarum
369 2402 413 2472 ad
430 2403 704 2500 depopulandos
723 2403 883 2498 Illyrios,
905 2405 967 2500 qui
987 2410 1115 2476 Persea
1125 2408 1226 2500 juve·
1280 2460 1282 2470 ι

167 2526 248 2581 rant
268 2510 386 2598 bello,
406 2513 522 2598 misit,
540 2511 660 2606 jussos
682 2511 726 2582 ad
751 2513 900 2582 Oricum
923 2511 991 2582 sibi
1010 2538 1223 2587 occurrere:

167 2623 263 2716 ipse,
282 2623 430 2718 Epirum
450 2635 593 2718 petens,
616 2621 1046 2718 quintisdecimiscastris
1066 2629 1225 2696 Passaro-

168 2753 251 2800 nem
270 2732 443 2826 pervenit.

209 2843 367 2908 XXXIV.
394 2838 497 2909 Haud
524 2840 650 2936 procul
679 2841 763 2912 inde
789 2843 902 2912 Anicii
929 2857 1043 2912 castra
1063 2843 1221 2914 aberant.

167 2947 222 3016 Ad
244 2971 353 3042 quem
375 2948 485 3018 literis
502 2949 639 3034 missis,
658 2974 704 3019 ne
723 2950 812 3046 quid
831 2951 878 3021 ad
895 2970 966 3032 ea,
978 2975 1058 3046 quae
1075 2949 1223 3036 fierent,

166 3071 391 3144 moveretur,
410 3072 572 3126 senatum
590 3057 758 3154 proedam
780 3064 884 3155 Epiri
903 3065 1116 3146 ciuitatium,
1141 3087 1224 3157 quea

166 3167 219 3238 ad
240 3171 373 3238 Perseo
399 3167 622 3257 distortione,
643 3174 814 3239 exercitui
836 3169 976 3240 dedisse
989 3181 1014 3258 ¹,
1039 3169 1223 3242 submissis

167 3277 439 3348 centurionibus
457 3277 494 3346 in
516 3275 670 3375 singulas
690 3276 819 3364 urbes,
843 3279 906 3374 qui
932 3303 969 3350 se
998 3278 1158 3350 (licerent
1179 3281 1223 3352 ad

202 3508 225 3539 ι.
236 3494 309 3540 Dona
327 3492 388 3540 daca
400 3493 520 3558 pleraque
536 3492 587 3558 ejus
597 3508 672 3558 gene·
714 3493 1223 3558 las,peristromatavelperipetasmata.Eu,

167 3570 200 3617 ris
208 3589 218 3626 ;
228 3571 283 3618 vide
293 3570 324 3617 ad
334 3572 370 3628 X,
387 3573 432 3629 13,
443 3589 469 3618 ιι.
482 3588 521 3619 ιι.
530 3571 612 3620 Verba
622 3572 673 3638 ejus
753 3580 775 3628 t.
786 3575 816 3619 In
829 3587 859 3618 ea
873 3571 941 3636 regia
953 3572 1065 3620 nimitum
1078 3575 1164 3631 Pellae,
1179 3575 1223 3622 ubi

164 3648 258 3711 generis
269 3659 380 3713 spectant
397 3650 428 3699 ad
442 3651 537 3715 copiam
553 3667 632 3698 rerum
649 3662 674 3698 et
717 3663 784 3699 vetus
796 3649 958 3699 Macedonum
971 3652 1017 3699 Iuit
1033 3652 1096 3714 regia
1110 3650 1180 3714 (vide
1191 3653 1222 3700 ad

167 3743 280 3774 annona.
715 3731 795 3784 XLII,
805 3727 856 3792 41),
868 3739 891 3776 et
901 3728 944 3776 ubi
954 3745 1011 3793 gaza
1020 3745 1102 3792 regum
1113 3732 1224 3779 Macedo-

203 3806 226 3852 3.
238 3807 299 3865 Quee
308 3817 425 3862 uenerat,
437 3807 525 3863 turboe,
539 3808 601 3854 forte
613 3824 672 3855 eon·
717 3826 775 3856 num
785 3808 940 3866 servabatur,
954 3809 1003 3858 vid.
1020 3809 1110 3870 XLIV,
1127 3825 1165 3858 ιο.
1177 3812 1222 3858 Eu.

167 3893 317 3944 uenerat,ut
327 3900 382 3947 cap.
396 3885 480 3942 32,et
492 3885 566 3949 paulo
579 3897 635 3934 ante
649 3887 673 3934 in
753 3890 815 3938 Can.
827 3888 947 3934 XXXIV.
969 3903 990 3933 1.
1007 3885 1090 3934 Liceris
1103 3887 1218 3937 missis...

167 3963 209 4010 ille
230 3973 344 4008 conuentu
352 3981 362 4018 ,·
379 3963 459 4020 Dola,
477 3965 545 4024 eujus
564 3966 674 4012 emenda·
717 3979 864 4014 senatuum..
878 3965 987 4022 dedisse,·
998 3965 1053 4014 vide
1062 3965 1093 4012 ad
1101 3967 1171 4024 VIII,
1184 3967 1223 4030 ις,

167 4045 257 4091 tionem
268 4043 461 4090 verleimillimam
470 4045 591 4092 existimat
599 4045 673 4094 Drak.
717 4051 744 4091 ιἰ.
765 4061 803 4091 ιο.
828 4071 862 4080 -
880 4043 1004 4096 Submissis,
1029 4043 1221 4102 centurionibus,

168 4149 201 4158 -
217 4120 357 4180 Textilium,
374 4122 481 4186 intellige
496 4134 675 4186 vestesstragu·
718 4136 765 4172 eto.
775 4122 868 4173 videat]
880 4123 939 4180 XL,
955 4125 998 4182 id,
1013 4139 1037 4172 ιι,
1050 4125 1075 4170 o.
1170 4179 1173 4186 Ι
