2970 4712
531 379 847 448 FRAGMENTA.
1150 375 1216 470 367

211 513 338 602 Itaque
367 524 492 572 omnes
522 502 628 573 simul
655 502 783 593 justa.
812 554 819 567 .
846 522 881 566 m
907 551 914 565 .
943 553 949 565 .
981 554 988 564 .
1018 553 1024 566 .
1053 513 1127 586 tur,
1155 526 1216 570 ne-

158 641 230 710 que
258 613 403 682 materia
430 610 645 696 artificibus,
677 609 880 706 praeparatis
908 624 989 682 ante
1015 609 1216 680 omnibus.

159 727 245 794 nixo
258 725 415 794 civitium
430 720 644 818 [civitatium
663 720 717 790 vel
729 715 880 812 civium]
904 772 910 786 .
933 771 939 784 .
957 717 1048 802 idio,
1066 744 1134 790 nec
1152 745 1219 791 suo

159 834 313 928 quisque
339 831 441 927 operi
462 829 588 900 artifex
613 828 734 899 deerat
749 878 1215 900 ...................

160 966 313 1038 qumque
340 941 378 1008 in
404 937 655 1036 oppugnandis
679 936 831 1007 urbibus
853 936 1012 1006 hostium
1037 939 1218 1035 gessisset,

113 1036 117 1042 ⁴
161 1051 349 1148 exposuit,
378 1064 415 1119 et
437 1049 483 1119 ad
509 1048 649 1144 reliqua
673 1046 759 1118 belli
785 1047 993 1145 cohortatus
1019 1061 1072 1116 est
1099 1050 1220 1144 paucis

162 1161 327 1248 edoctos,
339 1175 514 1256 quantum
529 1157 707 1255 Hispaniae
719 1157 911 1253 provinciae
924 1156 1126 1244 interesset,
1142 1182 1222 1228 suas

162 1286 280 1367 partes
297 1271 499 1365 superiores
519 1292 605 1338 esse.
626 1267 783 1336 Dimisso
799 1265 929 1335 deiude
945 1279 1140 1349 conventu,
1151 1267 1222 1360 jus-

162 1382 280 1476 sisque
307 1378 476 1448 omnibus
498 1377 549 1447 ibi
575 1430 730 1446 .....
756 1401 796 1444 re
819 1399 900 1446 suas
922 1375 1099 1471 principio
1127 1379 1220 1448 veris

161 1495 208 1559 M.
231 1490 445 1585 Perpernam
463 1511 546 1558 cum
564 1486 689 1582 viginti
708 1482 867 1554 millibus
884 1483 1068 1580 peditum,
1091 1487 1219 1580 equiti-

162 1598 231 1667 bus
258 1596 354 1670 mille
382 1596 587 1692 quingentis
619 1595 655 1663 in
686 1594 912 1664 Ilurcaonum
943 1591 1220 1692 [Ilernaonum]

162 1719 305 1803 gentem
332 1706 427 1774 misit
456 1703 500 1774 ad
527 1702 698 1774 tuendam
723 1703 878 1798 regionis
906 1703 983 1796 ejus
1007 1706 1220 1776 maritimam
1269 1793 1271 1798 Δ
1322 1725 1326 1734 ’

163 1840 282 1898 oram,
307 1814 398 1884 datis
421 1815 625 1910 praeceptis,
649 1813 783 1909 quibus
808 1812 995 1884 itineribus
1014 1814 1160 1885 duceret
1177 1816 1223 1886 ud

163 1922 404 1994 defendendas
425 1925 538 1994 socias
561 1923 690 2011 urbes,
713 1948 801 2019 quas
818 1925 1012 2020 Pompeius
1033 1949 1222 2022 oppugna·
1276 1919 1281 1926 ’

163 2049 239 2118 ret,
259 2033 468 2130 quibusque
483 2036 600 2131 ipsum
622 2059 749 2130 agmen
768 2035 929 2131 Pompeii
947 2059 991 2104 ex
1008 2035 1144 2106 insidiis
1162 2061 1222 2132 ag-

163 2142 383 2237 grederetur.
615 2146 618 2151 ’

211 2252 346 2323 Eodem
365 2268 527 2354 tqmpore
545 2268 581 2323 et
598 2253 644 2323 ad
660 2253 956 2339 Herennuleium,
966 2255 1031 2350 qui
1043 2256 1080 2324 in
1097 2255 1220 2326 iisdem

165 2360 251 2431 locis
274 2375 369 2448 erat,
388 2360 506 2430 literas
526 2363 639 2446 misit,
658 2377 694 2432 et
714 2363 753 2430 in
774 2363 920 2434 alteram
939 2366 1158 2460 provinciam
1180 2369 1224 2439 ad

164 2473 204 2538 L.
223 2469 446 2542 Hertuleium
462 2469 727 2568 [Hirtuleium]
745 2474 974 2570 precipiens,
995 2476 1225 2570 quemadmo-

165 2578 252 2648 dum
278 2579 414 2650 bellum
439 2577 684 2652 administrare
707 2579 968 2676 [administrari
992 2584 1048 2652 vel
1073 2584 1225 2654 admini-

166 2703 276 2759 strare
290 2687 431 2786 ipsum]
450 2689 574 2776 vellet,
588 2678 806 2760 ante'omnia
822 2697 863 2760 ut
878 2693 927 2760 ita
942 2692 1054 2760 socias
1069 2694 1226 2763 civitates

166 2814 345 2880 tueretur,
373 2823 418 2868 ne
442 2800 516 2868 acie
541 2823 623 2869 cum
646 2798 793 2869 Metello
814 2799 1225 2897 dimicaret,cui'neque

167 2910 396 2994 auctoritate,
421 2932 538 3002 neque
562 2906 698 2977 viribus
721 2932 791 3005 par.
813 2924 907 2978 esset
932 2963 940 2976 .
969 2960 977 2976 .
1007 2963 1014 2977 .
1043 2963 1050 2976 .
1076 2935 1114 2979 m
1138 2936 1226 2982 eon-

167 3017 353 3087 silium..
382 3071 390 3085 .
418 3071 426 3085 .
452 3039 595 3086 versum
622 3070 629 3084 .
658 3069 665 3083 .
695 3040 849 3111 ..neque
879 3017 915 3086 in
948 3017 1060 3087 aciem
1086 3018 1228 3090 descen·
1301 3046 1303 3056 ¹

121 3137 122 3140 ’
167 3151 293 3198 surum
317 3151 400 3198 eum
427 3125 616 3210 credebat,
646 3127 675 3195 si
703 3124 905 3196 traheretur
926 3125 1061 3198 bellum
1080 3155 1087 3196 :
1109 3128 1226 3217 hosti,

169 3260 282 3330 quum
306 3259 402 3306 mare
423 3233 468 3305 ab
495 3249 595 3330 tergo
617 3236 890 3332 provinciasque
914 3259 1039 3306 omnes
1064 3239 1102 3308 in
1126 3256 1227 3337 pote-

115 3332 116 3343 *
169 3359 257 3414 state
272 3342 441 3430 baberet,
459 3343 613 3416 navibus·
625 3343 788 3440 undique
806 3360 1025 3416 commeatus
1038 3364 1227 3437 venturos;

168 3454 237 3548 ipsi
255 3469 392 3540 autem,
410 3456 630 3552 consumptis
644 3455 766 3551 priore
784 3469 919 3538 aestate,
938 3480 1018 3553 quae
1035 3476 1229 3556 praeparata

170 3560 335 3646 fuissent,
353 3565 515 3633 omnium
532 3589 653 3634 rerum
672 3565 839 3662 inopiam,
850 3564 937 3636 fore.
1041 3642 1042 3650 ,

214 3676 433 3770 'Perpernam
463 3673 499 3741 in
529 3673 743 3743 maritimam
773 3674 958 3778 regionem
989 3673 1091 3744 sub.
1118 3731 1124 3743 .
1152 3693 1229 3748 tum

171 3835 359 3852 ......
386 3783 512 3876 ageri,
537 3806 653 3876 quum
684 3782 729 3858 ab
758 3807 794 3853 se
824 3799 1120 3880 oppugnarentur
1149 3788 1254 3862 Cel-¹

170 3891 333 3962 tiberiut
360 3945 551 3960 ......
574 3894 1226 3966 armis.........aemu....

117 4089 120 4096 ι
173 4057 180 4069 .
210 4056 217 4069 .
245 4057 252 4070 .
280 4055 287 4068 .
314 4000 577 4084 maritimamue
602 4028 725 4088 oram,
752 4018 792 4072 ut
827 4005 1038 4100 Pompeium
1071 4004 1115 4074 ab
1142 4007 1227 4077 ller-

172 4111 297 4180 caonia
322 4125 357 4179 et
386 4113 614 4182 Contestania
635 4129 775 4199 arceat,
804 4129 955 4208 utraque
989 4115 1083 4184 socia
1108 4133 1231 4213 gente,
