2972 4720
226 328 353 428 ῧῐὲῑὲἓίῑ
468 347 623 414 Linon
654 345 775 412 xta.
802 346 905 413 asp.
931 348 996 412 xi.
1217 343 1262 412 23

198 482 241 538 ut
254 471 405 536 Romam
418 467 536 555 venit,
559 479 728 563 exceptus
747 489 830 536 cum
850 480 951 536 tanto
971 465 1131 554 honore,
1148 490 1263 562 quan-

196 591 275 648 tum
300 601 376 646 non
402 576 538 647 meritis
562 590 703 646 tantum
729 576 831 670 ejus,
860 574 925 646 sed
948 573 1133 646 beneficiis
1155 575 1262 646 etiam
1309 611 1312 614 ·

198 687 304 776 suis²,
317 687 477 782 ingentia
487 711 567 782 quae
579 689 617 756 in
632 709 716 757 eum
732 701 901 784 congesta
913 701 1032 775 erant,
1047 687 1265 788 existimaret

197 795 321 868 deberi
336 796 493 894 populus
513 820 704 883 romanus,
719 798 759 868 in
778 811 943 868 senatum
957 811 1010 866 est
1022 796 1260 868 introductus.

200 910 358 984 Causam
378 907 551 978 veniendi
575 907 647 979 sibi
670 912 826 978 Romam
839 909 977 998 fuisse,
999 907 1108 1004 dixit,
1125 923 1265 1006 praeter

196 1017 427 1113 cupiditatem
445 1017 589 1088 visendi
602 1017 689 1087 deas
706 1017 962 1113 hominesque,
983 1041 1137 1114 quarum
1156 1017 1262 1088 bene-

188 1130 279 1222 ficio
296 1134 334 1198 in
354 1129 564 1219 eafortuna
585 1142 691 1210 esset,
713 1151 826 1224 supra
846 1149 957 1224 quam
979 1153 1026 1198 ne
1045 1145 1170 1225 optare
1188 1136 1263 1226 qui·

195 1235 277 1307 dem
298 1238 467 1332 auderet,
490 1244 600 1308 etiam
625 1253 667 1308 ut
690 1262 814 1308 aarum
836 1249 998 1309 moneret
1015 1255 1200 1325 senatum,
1223 1256 1266 1310 ut
1323 1235 1325 1250 '

196 1351 319 1418 Persei
335 1339 472 1418 sonatis
489 1347 633 1417 obviam
653 1353 727 1417 iret.
747 1354 860 1419 Orsus
873 1348 957 1420 inde
976 1347 1162 1448 aPhilippi
1177 1374 1262 1421 con·

196 1458 300 1542 siliis,
315 1483 438 1528 necem
449 1463 624 1528 Demetrii
625 1456 707 1553 filii
719 1458 857 1546 retulit,
871 1459 1093 1530 adversantis
1109 1485 1262 1532 romano

196 1567 312 1655 bello;
337 1575 599 1640 Bastarnarum
623 1584 767 1664 gentem
796 1568 977 1640 excitam³
1000 1570 1147 1642 sedibus
1169 1578 1260 1658 suis,

195 1701 351 1774 quorum
367 1678 515 1748 auxiliis
520 1679 642 1768 fretus
659 1684 697 1746 iu
710 1677 862 1765 ¹Italiam
875 1686 1051 1751 transiret.
1070 1686 1162 1753 Haec
1178 1707 1261 1752 eum

197 1788 420 1860 volutantem
439 1795 477 1859 in
494 1795 636 1875 anima,
652 1810 864 1886 oppressum
865 1791 953 1880 fata
959 1846 969 1878 ,
990 1817 1140 1887 regnum
1158 1799 1195 1862 ei
1209 1818 1262 1863 re-

195 1897 360 1996 liquisse,
381 1925 489 1996 quem
514 1901 778 1991 infhstrssimum
800 1925 875 1972 esse
893 1907 1061 1972 sensisset
1074 1907 1259 1972 Romanis.

197 2015 326 2106 Itaque
344 2016 478 2080 Persea
496 2010 753 2080 hereditarium
769 2034 794 2078 a
800 2026 911 2106 patre
929 2008 1091 2081 relictum
1106 2011 1238 2082 bellum
1247 2063 1261 2097 ,

197 2136 233 2190 et
253 2121 361 2191 simul
382 2142 464 2192 aum
486 2128 635 2218 imperio
662 2121 856 2207 traditum,
871 2123 957 2216 sam
967 2124 1080 2216 jam4
1095 2128 1262 2220 primum

197 2229 293 2300 alere
318 2257 364 2302 aa
375 2235 505 2322 sorem
527 2231 696 2302 omuibus
723 2231 889 2302 consiliis.
918 2231 1064 2301 Florere
1078 2249 1263 2328 praeterea

186 2343 394 2435 juventute,
415 2366 527 2440 quam
549 2348 695 2438 stirpem
719 2341 829 2438 longa
841 2367 929 2438 pax
948 2343 1116 2427 ediderit,
1124 2345 1263 2440 florere

197 2452 325 2548 apibus
349 2460 466 2548 regni,
475 2457 615 2550 florere
632 2459 742 2523 etiam
760 2470 873 2524 catate.
899 2457 993 2546 Quae
1008 2479 1123 2552 quum
1139 2479 1262 2552 corpo-

196 2564 245 2632 ris
264 2563 392 2632 rubore
416 2588 460 2632 aa
480 2563 620 2648 uiribus
642 2571 785 2660 vt'geat,
813 2570 978 2634 animum
998 2589 1074 2636 esse
1092 2571 1261 2636 invetera-

196 2687 271 2742 tum
292 2673 434 2743 diutina
452 2686 529 2743 arte
547 2690 657 2771 atque
677 2699 744 2744 usu
765 2674 858 2744 beili.
878 2679 962 2744 Jam
983 2674 1067 2744 inde
1089 2699 1113 2743 a
1125 2699 1260 2772 puero,

188 2789 306 2878 patris
325 2781 577 2871 contubernio,
596 2789 771 2855 Romanis
786 2809 932 2882 quoque
949 2783 1067 2871 bellis,
1088 2808 1163 2853 uon
1170 2787 1263 2879 fini·

197 2897 291 2960 timis
314 2909 469 2980 tantum,
494 2911 696 2980 assuetum,
723 2901 871 2965 missum
889 2921 914 2964 a
923 2910 1035 2990 patre
1057 2899 1095 2962 in
1117 2894 1263 2989 expedi·

232 3155 258 3187 a.
272 3139 399 3206 Beneficiis
411 3140 486 3189 etiam
497 3141 561 3197 suis,
575 3153 624 3188 eta.
641 3141 706 3188 conf.
750 3140 811 3199 iius,
826 3147 958 3203 perpetuus
978 3136 1042 3184 Livii
1056 3135 1177 3192 imitator,
1199 3137 1263 3192 111,

196 3220 348 3280 xxxvto,
366 3221 408 3282 39.
424 3220 466 3267 Ad
484 3234 551 3282 seqq.
570 3219 637 3266 aaut.
655 3221 707 3282 Ap·
751 3221 820 3275 434:
834 3218 964 3264 «Vettii-nt
978 3226 1004 3264 et
1022 3227 1129 3264 mentem
1138 3215 1213 3278 Tyria
1232 3215 1264 3262 nd

195 3297 263 3360 pion.
287 3297 384 3346 Maced.
398 3301 450 3357 IX,
470 3315 493 3346 1.
509 3295 608 3363 Polybii
623 3297 705 3356 ianus,
751 3297 995 3346 constantianus».
1008 3295 1071 3344 (ἕως.
1082 3295 1112 3342 de
1126 3295 1185 3342 Bell.
1200 3293 1262 3341 out.

195 3376 227 3423 ab
242 3387 347 3440 utroque
364 3394 508 3442 expressus,
522 3377 657 3426 intercidit.
672 3403 707 3414 -
750 3381 778 3435 1,
790 3380 818 3425 3:
828 3375 962 3440 «perfacile
970 3376 1036 3422 factu
1046 3372 1262 3437 esseillisprobat,

174 3441 177 3448 “
196 3459 275 3520 Supra
287 3469 363 3520 quam
377 3475 410 3505 ne
426 3470 512 3522 optate
522 3455 619 3523 quidem
631 3457 707 3506 aude·
751 3467 838 3504 sonata
846 3452 964 3518 perficere
973 3475 996 3503 υ.
1007 3453 1065 3500 vid.
1076 3454 1133 3502 Nic.
1147 3452 1263 3500 Heinsius

197 3545 249 3594 ret,
264 3537 405 3586 addendum
419 3539 554 3603 quidquam
560 3541 652 3597 5Crev.
667 3540 708 3586 Ao
751 3537 783 3583 mi
799 3535 865 3583 vett.
890 3537 985 3582 Patere.
1004 3537 1042 3593 H,
1062 3535 1110 3591 35;
1128 3545 1152 3580 et
1170 3531 1263 3586 Vorstii

196 3615 244 3680 leg.
261 3631 312 3663 nan
334 3611 426 3681 aptore
439 3618 575 3682 quidquam
584 3624 602 3682 ι’(
618 3645 652 3655 -
677 3620 709 3664 tn
752 3603 1066 3677 indiaCoimNepsvooe
1078 3613 1234 3660 conatalis).

196 3695 280 3742 Persei
291 3695 387 3743 conatis
404 3697 499 3744 oh'm'arn
517 3699 579 3756 iret5
594 3697 708 3745 obnemt
788 3697 811 3742 3.
827 3696 1006 3740 Bastarnarum
1015 3703 1118 3756 gamem
1137 3689 1260 3743 excitam,

196 3774 340 3833 Bonisana,
351 3785 414 3822 teste
426 3769 516 3836 orsi„
528 3777 608 3824 minus
621 3777 708 3824 usitata
749 3785 799 3822 eto.
812 3775 878 3821 conf.
889 3773 921 3819 ad
929 3775 989 3830 XL,
999 3771 1040 3831 57,
1052 3771 1094 3818 58.

160 3891 164 3900 ,
196 3851 435 3902 interimemus
449 3855 540 3903 dixisse
552 3871 599 3922 pro
613 3856 708 3903 conati·
789 3861 813 3908 t.
826 3856 883 3900 Iam
888 3851 945 3916 jam
948 3850 1135 3914 primum,forte
1143 3858 1262 3910 tanquam

199 3930 249 3980 lus.
263 3933 352 3980 Εἀύειι
363 3935 438 3980 etium
453 3934 530 3982 utitor
545 3949 617 4000 nupta
630 3934 708 3992 m,
748 3950 776 3998 p.
787 3936 864 3980 Gran.
875 3957 910 3968 -·-
919 3930 1145 3994 Florereprtetem
1155 3927 1264 3991 jurentu-

167 4059 169 4062 .
199 4010 345 4068 immotum
354 4011 709 4078 deindeinsnioeettiartbagn'-
753 4025 790 4068 te,
804 4009 928 4059 abundare
947 4010 1030 4058 Petaso
1046 4011 1145 4071 ejusque
1161 4020 1263 4069 regnum

198 4088 316 4138 niensium
329 4103 422 4140 conata
433 4092 554 4157 capaneia
571 4094 602 4140 Et
618 4093 652 4141 itu
671 4091 708 4139 Si·
753 4088 1045 4148 muititudineiuveimm.
