2976 4712
262 423 333 511 ωε
671 367 912 492 EPJTOMAE

251 543 395 630 disset,
418 555 598 613 certamen
622 555 816 638 tempestas
844 541 1008 630 diremit3
1035 563 1117 611 nam
1145 565 1262 638 quum
1289 544 1322 611 in

261 669 374 727 castra
390 651 579 724 rediissent
589 660 617 738 ²,
642 652 760 722 statim
781 651 951 724 serenitas
969 665 1055 722 erat.
1080 651 1202 748 Capua
1224 665 1324 749 capta

261 779 316 835 est
338 787 358 832 a
377 764 422 853 Q.
443 761 567 832 Fulvio
586 773 623 830 et
642 764 707 858 Ap.
727 760 877 832 Claudio
900 759 1119 832 consulibus.
1142 762 1324 859 Principes

254 875 528 971 Campanorum
538 895 680 942 veneno
690 870 1015 944 sibiconsciverunt
1026 884 1192 943 mortem.
1204 871 1323 962 Quum

261 996 405 1052 senatus
424 984 691 1077 Campanorum
710 981 886 1080 deligatus
902 996 995 1052 essct
1012 981 1057 1052 ad
1073 981 1194 1079 palos,
1216 997 1257 1052 ut
1273 1001 1323 1052 se·

261 1090 338 1163 curi
352 1089 537 1176 feriretur,
552 1090 672 1162 literas
686 1116 704 1162 a
722 1105 849 1162 senatu
866 1088 1012 1162 missas³
1029 1093 1073 1182 Q.
1089 1092 1235 1162 Fulvius
1247 1115 1325 1161 con·

262 1203 337 1289 sul,
356 1200 490 1299 quibus
500 1197 698 1295 jubebatur
714 1225 878 1299 parcere,
902 1215 1094 1298 antequam
1112 1200 1270 1299 legeret,
1288 1202 1325 1269 in

262 1311 345 1384 sinu
365 1311 506 1410 posuit,
528 1323 565 1380 et
582 1310 661 1408 lege
676 1313 732 1409 agi
744 1312 870 1406 jussit,
890 1323 926 1382 et
943 1311 1160 1410 supplicium
1177 1311 1323 1409 peregit.

260 1425 385 1513 Quum
416 1423 454 1490 in
477 1421 636 1491 ¹comitiis
665 1421 759 1520 apud
790 1421 965 1521 populum
994 1436 1235 1517 quareretur,
1269 1421 1325 1490 cui

261 1529 493 1602 mandaretur
509 1528 760 1628 Hispaniarum
777 1531 991 1628 imperium,
1009 1531 1110 1602 nullo
1129 1531 1166 1602 id
1186 1530 1327 1602 volente

262 1642 465 1738 suscipere,
487 1643 524 1711 P.
551 1641 688 1738 Scipio,
710 1645 748 1711 P.
769 1638 888 1730 filius,
908 1641 972 1736 qui
992 1641 1031 1710 in
1049 1641 1218 1738 Hispania
1236 1641 1328 1712 ceci-

262 1752 383 1838 derat,
408 1747 591 1849 prolessus
614 1765 668 1822 est
693 1775 730 1822 se
754 1752 911 1840 iturum3
931 1765 986 1839 et,
1012 1748 1184 1848 suffragio
1201 1749 1328 1848 populi

261 1880 515 1956 consensuque
541 1861 704 1930 omnium
734 1861 884 1947 missus,
913 1863 1052 1932 Novam
1078 1861 1329 1958 Carthaginem

260 1995 336 2042 uno
361 1969 420 2040 die
445 1974 682 2068 expugnarit,
704 1994 819 2068 quum
844 1985 966 2069 ageret
988 1972 1200 2068 vigesimum
1221 1995 1326 2068 quar·

261 2095 338 2151 tum
357 2087 511 2167 annum,
527 2079 785 2178 videreturque
799 2079 919 2162 divina
935 2081 1046 2179 stirpe
1064 2096 1222 2167 creatus3
1241 2105 1330 2178 quo-

261 2192 359 2261 niam
375 2204 411 2259 et
427 2191 524 2288 ipse,
538 2205 731 2287 postquam
751 2205 872 2289 togam
892 2205 1096 2287 acceperat,
1114 2189 1279 2287 quotidie
1291 2191 1329 2258 in

263 2298 443 2396 Capitolio
458 2312 553 2390 erat,
570 2314 605 2369 et
620 2300 658 2368 in
672 2299 841 2378 cubiculo
857 2302 979 2372 matris
996 2301 1073 2394 ejus
1087 2301 1214 2397 anguis
1228 2325 1331 2398 saepe-

263 2434 416 2480 numero
433 2406 634 2480 videbatur.
658 2415 727 2482 Res
744 2428 914 2509 praeterea
928 2415 965 2485 in
986 2411 1102 2484 Sicilia
1116 2427 1233 2509 gestas
1247 2437 1329 2483 con-

263 2520 375 2606 tinet,
400 2533 437 2588 et
463 2517 653 2589 amicitiam
676 2545 759 2591 cum
777 2522 901 2593 AEtolis
916 2521 1098 2617 junctam,
1119 2520 1330 2621 bellumque

234 2671 240 2680 -
264 2643 403 2727 gestum
423 2626 593 2698 adversus
611 2631 812 2701 Acarnanas
833 2646 869 2703 et
886 2631 1093 2730 Philippum
1113 2632 1330 2704 Macedoniae

265 2757 397 2835 regem.

503 2932 738 3001 EPITOME
769 2932 905 3002 LIBRI
936 2936 1095 3002 XXVII.

314 3137 379 3207 Cn.
402 3132 546 3204 Fulvius
567 3135 762 3231 proconsul
784 3159 868 3206 eum
886 3138 1044 3208 exercitu
1066 3135 1111 3208 ab
1130 3115 1332 3208 Hannibale

265 3241 310 3313 ad
331 3239 559 3312 Herdoneam
586 3265 696 3314 caesus
719 3259 783 3316 est.
804 3249 955 3318 Meliore
977 3262 1107 3318 eventu
1134 3272 1155 3316 a
1180 3246 1331 3319 Claudio

265 3350 436 3424 Marcello
457 3351 605 3422 consule
624 3351 795 3426 adversus
816 3356 982 3428 eumdem
1001 3358 1046 3429 ad
1061 3359 1331 3430 Numistronem

266 3475 466 3560 pugnatum
478 3476 550 3550 est;
564 3458 648 3534 inde
661 3465 840 3537 Hannibal
851 3459 963 3539 noctu
974 3470 1129 3540 recessit.
1140 3469 1332 3540 Marcellus

302 3709 328 3741 a.
341 3689 407 3738 Nam
417 3705 492 3754 quum
504 3689 530 3738 in
541 3700 625 3739 castra
634 3693 775 3754 rediissent,
858 3698 882 3747 3.
892 3698 986 3746 Literas
995 3715 1012 3746 a
1022 3711 1109 3748 senatu
1123 3698 1221 3757 missas,
1232 3715 1264 3748 ex
1276 3698 1332 3748 Ltv.

267 3781 315 3819 etc·
328 3767 424 3821 sinam
434 3769 569 3819 minimeh.
581 3771 600 3820 l.
611 3773 741 3834 eonvenit3
753 3786 778 3824 et
822 3792 875 3839 cap.
893 3777 942 3826 15:
957 3775 975 3826 1.
986 3790 1115 3842 aproetcre
1128 3777 1214 3826 missas
1230 3777 1334 3840 conjicit

267 3847 392 3898 velatam
408 3848 486 3895 simile
499 3848 560 3912 quid
572 3848 700 3913 legendum
710 3851 777 3900 vide·
821 3855 927 3903 Delrius.
937 3857 977 3903 An
986 3855 1033 3919 leg.
1043 3857 1126 3905 literas
1136 3873 1191 3906 cum
1203 3857 1287 3905 SCto?
1298 3886 1333 3896 -

268 3935 323 3989 tur3
333 3926 457 3989 vel,qucd
467 3925 536 3976 Cres.
547 3929 722 3992 suspicabatur,
734 3927 777 3980 ali-
821 3933 916 3998 Anguis
931 3950 1093 4000 sepenumero
1110 3935 1256 3985 videdatur:
1269 3953 1334 3986 uuus

267 4004 329 4068 quid
337 4003 476 4063 intercidit,
486 4003 558 4068 quale
568 4007 703 4070 reperimus
711 4010 778 4074 apud
822 4027 854 4059 ex
862 4013 925 4061 MSS
934 4007 1049 4073 Hamil,
1058 4014 1125 4063 visus
1134 4026 1184 4064 crat
1193 4029 1200 4063 ε
1208 4016 1333 4078 Andreas,

268 4082 321 4130 [ἰν.
330 4099 384 4146 cap.
397 4097 424 4128 ιι
435 4083 474 4140 ,iu
481 4083 622 4148 religionem
628 4102 659 4133 ea
666 4087 781 4152 resapud
821 4089 890 4138 snus
900 4102 943 4140 est.
958 4090 1044 4154 Certe,
1052 4094 1087 4142 ait
1096 4093 1180 4156 Creu,
1191 4094 1220 4146 τὸ
1233 4095 1334 4144 videba-

267 4162 353 4212 Poencs
365 4174 439 4208 versa
450 4169 503 4210 est:
513 4177 572 4210 narn
578 4195 586 4219 ,
597 4172 643 4212 ete.
822 4167 908 4217 turhic
915 4185 1000 4234 parum
1008 4163 1119 4220 accurate
1128 4171 1273 4222 dictumest.
1284 4176 1333 4222 En.
