2984 4706
249 347 318 416 280
663 342 702 406 r.
733 339 872 408 mvn
1154 315 1279 424 2:213}ss

247 464 472 536 Rhodiorum
490 474 684 534 occurrunt
699 457 793 552 (jam
812 459 909 527 enim
925 481 968 527 eo
987 460 1305 552 quoquevictoriae

248 573 342 644 fama
357 570 493 668 perlata
511 568 617 662 erat),
634 581 788 652 orantes,
801 583 843 636 ut
856 566 1024 636 Rhodum
1038 566 1304 638 deueherentur.

246 687 429 754 Pertinere
448 678 489 748 id
503 677 709 767 adsumam
727 675 950 771 salutemque
970 679 1139 755 civitatis,
1161 701 1306 746 noscere

247 798 342 888 ipsos
355 793 511 872 amnia,
532 779 617 882 quat
642 801 724 855 aeta
749 799 866 854 essent
887 799 1147 879 agerenturque
1163 783 1304 869 Rhodi,

247 917 284 970 et
298 913 478 995 comperta
493 920 568 992 per
585 919 643 980 se,
666 919 741 964 non
761 893 911 987 nabata
919 894 1051 982 fama,
1064 897 1228 997 „Romam
1249 916 1304 961 re-

235 1011 349 1100 ferre.
376 1004 446 1076 Diu
470 1018 642 1101 negantes
663 1002 918 1100 perpulerunt,
945 1016 985 1072 ut
1008 1025 1144 1072 moram
1167 1002 1305 1097 naviga·

247 1119 356 1188 tionis
369 1115 516 1186 brevem
531 1137 599 1211 pro
615 1112 727 1184 salute
745 1111 850 1182 sociae
863 1108 964 1182 urbis
976 1123 1195 1206 paterentur.
1211 1114 1306 1180 Post·

248 1250 355 1323 quam
385 1224 553 1294 Rhodum
582 1236 730 1294 ventum
755 1235 830 1308 est,
858 1221 896 1289 in
923 1220 1134 1290 concionem
1158 1242 1305 1314 quoque

248 1360 311 1407 eos
328 1335 435 1404 iidem
450 1330 618 1430 precibus
633 1343 894 1427 pertraxerunt.
909 1327 1089 1398 Adventus
1107 1329 1305 1423 legatorum

248 1444 347 1515 auxit
372 1443 491 1538 potius
515 1441 682 1510 timorem
707 1439 860 1523 civitati,
881 1461 989 1533 quam
1012 1437 1165 1510 minuit:
1186 1437 1305 1506 omnia

249 1555 345 1624 enim
359 1551 547 1648 Popillius,
563 1575 643 1645 qum
661 1549 793 1644 singuli
806 1541 1057 1641 universique³
1075 1569 1119 1616 eo
1136 1544 1233 1616 bello
1248 1544 1307 1614 ho

249 1662 376 1732 stiliter
394 1659 557 1729 dixerant
573 1655 823 1753 fecerantque,
842 1653 985 1725 retulit:
1004 1669 1040 1724 et
1061 1654 1114 1724 vir
1132 1677 1235 1750 asper
1251 1656 1305 1722 in·

250 1770 360 1866 genio
381 1766 536 1863 augebat
558 1768 780 1858 atrocitatem
807 1787 952 1849 eorum,
979 1787 1058 1859 quae
1083 1763 1306 1849 dicerentur,

250 1876 353 1946 vultu
371 1877 463 1946 truci
480 1889 516 1944 et
532 1877 749 1946 accusatoria
767 1897 871 1960 voce3
890 1888 946 1956 ut,
965 1896 1077 1968 quum
1096 1873 1249 1970 propria,
1265 1875 1308 1942 si-

250 1984 408 2054 multatis
426 1983 526 2054 nulla
547 2009 652 2054 causa
674 2008 756 2054 cum
776 1983 915 2053 civitate
934 1997 1044 2068 esset,
1064 2006 1107 2052 ex
1131 1983 1238 2055 unius
1255 2005 1308 2078 se-

251 2091 385 2162 naturis
402 2092 542 2162 romani
560 2091 771 2176 acerbitate,
787 2092 903 2187 qualis
921 2091 959 2158 in
978 2115 1016 2160 se
1032 2091 1189 2163 universi
1206 2115 1308 2162 sena·
1376 2101 1379 2106 “

251 2217 309 2272 tus
323 2200 462 2270 animus
476 2216 588 2287 esset,
604 2201 856 2296 conjectarent.
874 2204 912 2291 C..
928 2200 1077 2270 Decimii
1091 2201 1310 2270 moderatior

252 2309 368 2378 oratio
385 2306 469 2392 firit,
487 2310 568 2404 qui,
586 2315 622 2378 in
632 2309 818 2406 plenisque
836 2333 976 2393 eorum,
997 2333 1082 2405 quae
1099 2333 1308 2379 commemo-

251 2433 333 2487 rata
351 2442 374 2484 a
392 2415 547 2513 Popillio
565 2434 698 2502 essent,
721 2415 866 2514 culpam
888 2442 961 2487 non
979 2441 1093 2513 penes
1104 2417 1308 2514 populum,

250 2526 318 2595 sed
326 2549 439 2622 penes
454 2550 597 2622 paucos
618 2533 810 2602 concitores
831 2526 957 2620 vulgis
976 2550 1071 2611 esse,
1095 2524 1194 2595 dixit.
1215 2531 1309 2613 Eos,

252 2632 420 2703 uenalem
442 2631 603 2729 linguam
621 2635 810 2720 habentes,
831 2635 972 2704 decreta
987 2633 1100 2730 plena
1125 2641 1233 2729 regiae
1252 2661 1309 2705 as-

253 2750 458 2814 sentationis
464 2746 617 2834 fecisse,
639 2761 675 2814 et
693 2769 755 2824 eas
775 2743 968 2840 legationes
984 2748 1140 2828 misisse,
1156 2768 1309 2838 quarum

253 2853 414 2929 Rhodios
428 2879 569 2950 semper
581 2879 655 2924 non
672 2859 790 2924 minus
802 2851 973 2950 puderet,
991 2877 1103 2949 quam
1110 2859 1309 2949 paeniteret.

258 2965 352 3052 Quae
369 2968 508 3046 omnia,
529 2970 563 3032 si
579 2980 698 3034 tamen
707 2961 848 3060 populo
856 2964 975 3052 foret,
997 2966 1035 3029 in
1051 2967 1170 3058 capita
1183 2968 1311 3033 noxio-

256 3171 379 3225 minantur
391 3171 481 3228 XLIV,
493 3184 524 3232 19
535 3180 597 3218 extr.
611 3197 646 3207 -
659 3175 690 3219 tn
699 3171 762 3218 ttto-
800 3169 910 3238 prppria
925 3187 975 3234 vox
995 3169 1030 3228 ei,
1047 3171 1162 3234 absorpta
1181 3171 1280 3219 fortasse
1297 3187 1310 3218 a

256 3248 314 3294 dum
332 3245 509 3304 deueherentur,
530 3248 592 3295 forte
615 3241 760 3296 deverteren-
804 3248 957 3312 praecedente
966 3248 1140 3304 te,iuscretur.
1149 3249 1259 3296 Era—C.
1268 3251 1312 3296 De-

256 3337 313 3382 tur,·
323 3323 415 3380 Duker.
425 3353 458 3361 -
470 3326 561 3384 Iidem,
573 3327 625 3374 scil.
638 3326 761 3395 principes
805 3325 887 3382 cirnit',·
897 3327 961 3374 conf.
973 3327 1065 3385 XLIV,
1082 3341 1113 3388 ¹9
1124 3337 1190 3374 extr.

255 3401 421 3460 Rhodiorum
434 3403 507 3456 Drak,
538 3401 539 3406 ’
574 3413 578 3418 “
817 3461 819 3468 ⁴
840 3406 948 3459 4.Penes
961 3419 1057 3468 paucos
1077 3404 1210 3451 concitores
1227 3405 1311 3470 uulgi,

291 3481 314 3526 3.
340 3480 400 3540 Qua
416 3479 506 3544 singuli
522 3482 687 3546 universique,
710 3492 759 3535 etc.
804 3492 851 3529 etc.
861 3481 986 3546 legebatur
1000 3481 1161 3530 concitatores
1176 3493 1233 3530 ante
1251 3485 1313 3532 Gro-

255 3558 637 3620 eonf.xL11,26;xn1v„4,
656 3561 700 3619 15,
717 3562 760 3607 23.
804 3547 922 3618 naviuin,
949 3561 992 3624 qui
1014 3571 1072 3609 vett.
1098 3559 1158 3608 tibh.
1185 3560 1313 3610 lectionem

255 3664 289 3673 -
301 3639 343 3693 Ut,
352 3652 426 3698 quum
432 3638 555 3699 propria,
565 3649 612 3687 etc.
620 3639 672 3686 haee
682 3639 760 3694 multo
804 3637 937 3692 concitores
957 3649 1021 3686 recte
1043 3638 1174 3686 revocavit.
1192 3639 1313 3690 Caeterum

256 3717 335 3772 forent
344 3713 460 3772 clariora,
470 3716 491 3761 si
501 3716 536 3763 sIc
547 3717 724 3765 scriberentur:
735 3729 763 3772 ut
804 3716 942 3772 conferatur
956 3715 1093 3780 Polybius,
1109 3703 1223 3774 xxvtt,
1243 3719 1274 3775 6,
1290 3729 1313 3764 et

253 3810 286 3840 ex
304 3792 375 3839 unius
387 3794 505 3842 senatoris
521 3795 631 3852 mmani,
647 3797 688 3844 cui
701 3813 759 3859 pro·
804 3795 929 3853 xxvut,
943 3811 968 3843 α.
983 3822 1017 3832 -
1035 3794 1063 3842 Si
1075 3805 1156 3841 tamen
1168 3797 1262 3858 populo
1272 3795 1312 3862 fo-

250 3871 314 3935 price
328 3869 457 3918 simultatis
472 3888 496 3918 a.
506 3889 529 3920 c.
542 3890 563 3920 e.
575 3889 596 3922 c.
606 3886 680 3930 esset,
691 3891 758 3921 acer-
803 3884 851 3929 ret,
864 3873 924 3921 mele
935 3874 1018 3936 SIgon.
1028 3884 1138 3935 potestas
1149 3874 1257 3936 reposuit
1266 3890 1311 3938 pro

254 3949 340 4005 bitate,
351 3950 441 4012 qualis,
451 3962 498 4000 etc.
513 3953 589 4001 Gron.
599 3980 631 3989 -
643 3953 758 4018 Deering.
803 3961 902 3998 tamen:
913 3951 991 3998 scribe
1003 3950 1025 3997 si
1035 3950 1055 3996 is
1068 3949 1164 3998 unimus
1172 3952 1263 4014 populo
1268 3951 1311 4015 so·

252 4024 400 4086 vero,clera
414 4028 495 4075 omnia
508 4045 559 4076 esse
570 4030 686 4093 putet,si
702 4043 759 4094 post
803 4038 851 4083 ret,
873 4028 925 4076 scit.
948 4028 1043 4098 qualem
1063 4026 1236 4092 descripserat,
1258 4028 1314 4085 dorp
