2976 4712
391 494 393 498 ¹
480 410 754 477 crunonun
785 407 928 487 mvn„
1163 408 1234 491 413
1341 421 1352 492 3

168 529 234 617 lia,
252 556 332 627 quae
352 545 564 626 eruperant,
582 528 653 600 fide
673 528 718 598 ab
739 527 944 599 Maharbale
964 529 1065 614 data,
1085 529 1236 626 perfidia

169 640 382 712 Hannibalis
415 640 533 722 vincta
569 655 664 708 sunt.
699 642 822 730 Quum
853 638 897 708 ad
930 640 1095 709 nuntium
1126 639 1235 716 cladis

169 757 295 820 Romae
310 749 429 819 luctus
442 763 550 832 esset,
570 747 649 818 duae
664 764 812 832 matres,
828 773 873 818 ex
886 751 1068 846 insperato
1081 751 1236 846 receptis

170 859 276 948 filiis,
295 858 425 956 gaudio
440 873 590 928 mortuae
607 873 701 928 sunt.
723 856 781 926 Ob
795 858 888 928 banc
902 857 1036 928 cladem
1057 883 1101 928 ex
1120 858 1234 954 Sibyl-

169 970 255 1040 linis
270 968 370 1039 libris
384 993 447 1038 ver
462 992 603 1038 sacrum
617 983 751 1038 votum.
768 971 889 1056 Quum
906 966 1036 1037 deinde
1051 970 1096 1058 Q.
1108 967 1237 1039 Fabius

171 1080 352 1150 Maximus
370 1077 533 1163 dictator,
552 1075 720 1148 adversus
740 1074 975 1146 Hannibalem
994 1079 1138 1160 missus,
1158 1079 1237 1148 nol-

171 1190 222 1259 let
238 1190 313 1260 acie
332 1212 414 1258 cum
431 1211 475 1257 eo
490 1185 701 1283 confligere,
718 1211 782 1273 ne,
803 1201 929 1256 contra
945 1184 1102 1256 ferocem
1119 1202 1173 1258 tot
1188 1191 1237 1258 vi-

171 1299 296 1368 ctoriis
317 1297 475 1382 hostem,
497 1297 661 1366 territum
681 1295 837 1366 adversis
855 1296 983 1392 praeliis
1001 1297 1152 1367 militem
1172 1323 1238 1396 pu-

172 1427 252 1504 gnae
278 1408 541 1493 committeret,
565 1421 620 1491 et,
646 1405 868 1504 opponendo
894 1431 932 1476 se
962 1406 1235 1495 tantummodo,
1301 1411 1306 1422 '

174 1534 325 1590 conatus
344 1515 555 1607 Hannibalis
568 1516 783 1614 impediret,
802 1521 850 1588 M.
870 1518 1051 1588 Minucius
1070 1521 1238 1614 magister

173 1629 357 1724 equitum,
376 1623 478 1696 ferox
493 1640 529 1696 et
543 1627 769 1712 temerarius,
787 1627 1010 1698 criminando
1027 1627 1239 1707 dictatorem

173 1753 346 1834 tanquam
363 1760 507 1833 segnem
522 1751 557 1806 et
573 1735 759 1824 timidum,
778 1735 918 1826 effecit,
938 1753 978 1808 nt
999 1739 1126 1836 populi
1137 1739 1240 1833 jussu

174 1849 517 1946 aequa1·etureicum
533 1847 705 1918 dictatore
719 1849 926 1946 imperinm;
942 1847 1128 1944 divisoque
1143 1873 1240 1918 exer-

175 1963 270 2046 citu,
298 1983 412 2056 quum
438 1959 563 2055 iniquo
586 1959 688 2029 loco¹
714 1958 949 2046 conflixisset,
969 1974 1005 2029 et
1026 1960 1063 2028 in
1085 1961 1240 2051 maximo

175 2070 381 2141 discrimine
406 2068 565 2165 legiones
593 2069 669 2163 ejus
698 2084 835 2152 essent,
862 2070 1139 2167 superveniente
1157 2094 1241 2140 cum

176 2181 338 2251 exercitu
357 2178 467 2250 Fabio
489 2181 646 2250 Maximo
664 2178 870 2250 discrimine
884 2178 1058 2278 liberatus
1075 2195 1139 2250 est.
1159 2184 1242 2272 Quo

175 2287 355 2362 beneficio
371 2291 486 2360 victus
500 2304 614 2360 castra
631 2314 714 2360 eum
734 2315 778 2361 eo
793 2289 934 2384 junxit,
953 2305 990 2360 et
998 2307 1142 2388 patrem
1159 2316 1249 2388 eum

176 2401 358 2487 salutavit3
378 2399 547 2496 idemque
562 2398 679 2471 lacere
693 2401 823 2470 milites
837 2400 953 2494 jussit.
975 2399 1168 2488 Hannibal,
1189 2427 1244 2472 va-

177 2524 268 2580 stata
286 2511 499 2606 Campania,
517 2510 610 2580 inter
628 2511 823 2581 Casdinum
846 2509 1022 2607 oppidum
1041 2525 1076 2581 et
1096 2512 1244 2584 Callicu-

134 2649 139 2658 ·
178 2621 250 2690 lam
271 2634 433 2689 montem
457 2643 476 2688 a
500 2617 609 2688 Fabio
634 2620 797 2705 clausus,
820 2621 1008 2689 sarmentis
1035 2618 1081 2689 ad
1108 2645 1245 2691 cornua

177 2730 294 2801 boum
317 2729 464 2826 alligatis
489 2743 526 2798 et
548 2729 723 2817 incensis,
745 2728 949 2826 praesidium
976 2732 1242 2812 Romanorum,

180 2839 281 2936 quod
294 2839 502 2910 Calliculam
516 2838 710 2927 insidebat,
723 2837 877 2935 fugavit3
893 2851 928 2907 et
942 2837 991 2907 sic
1007 2852 1244 2933 transgressus

180 2965 236 3021 est
247 2949 389 3019 saltum:
401 2947 575 3044 idemque
584 2952 627 3040 Q.
641 2948 739 3018 Fabii
754 2949 900 3018 Maximi
915 2947 1116 3032 dictatoris,
1130 2973 1243 3045 quum

181 3059 433 3157 circumposita
446 3072 587 3144 ureret,
606 3083 692 3154 agro
705 3058 886 3154 pepercit,
901 3069 942 3124 ut
956 3055 1057 3125 illum
1073 3070 1244 3152 tanquam

182 3171 404 3268 proditorem
416 3182 622 3266 suspectum
632 3166 773 3238 laceret.
786 3166 927 3238 AEmilio
938 3165 1067 3237 deinde
1076 3166 1199 3236 Paullo
1209 3181 1245 3236 et

136 3369 137 3376 ,
182 3282 350 3352 Terentio
363 3283 525 3350 Varrone
540 3276 748 3349 consulibus
762 3292 797 3349 et
814 3275 984 3364 ducibus,
1000 3301 1082 3347 cum
1093 3278 1246 3346 maxima

183 3391 282 3462 clade
299 3390 467 3461 adversus
481 3387 716 3459 Hannibalem
735 3386 780 3458 ad
795 3392 936 3458 Cannas
953 3402 1154 3485 pugnatum
1172 3402 1244 3457 est:

182 3525 343 3597 caesaque
360 3525 403 3571 eo
421 3499 544 3596 praelio
563 3504 811 3568 Romanorum
832 3496 1066 3595 quadraginta
1085 3497 1247 3594 quinque

182 3609 313 3691 millia,
333 3632 414 3677 cum
434 3607 558 3678 Paullo
580 3608 728 3678 consule
747 3621 784 3677 et
801 3605 1026 3679 senatoribus
1044 3608 1247 3702 octoginta,

183 3716 429 3789 consularibus
461 3719 776 3814 atque‘praetoriis
809 3731 872 3786 aut
902 3716 1056 3786 aediliciis
1090 3717 1244 3813 triginta.

183 3831 394 3924 Postquam
416 3825 552 3897 cladem
575 3852 690 3924 quum
711 3853 732 3897 a
753 3825 937 3898 nobilibus
959 3826 1247 3898 adolescentibus

218 4010 286 4055 Errr.
301 4009 385 4058 xxn.
403 4023 425 4056 1.
439 4009 518 4069 Quum
530 4007 614 4071 iniquo
630 4009 691 4057 loco.
737 4007 860 4056 veteribus
872 4007 940 4054 libris
954 4006 1036 4055 abesse
1049 4007 1173 4070 Sigonius,
1186 4009 1246 4055 San·

182 4089 281 4152 Vulgari
290 4088 379 4135 habent
390 4104 464 4152 quum
476 4087 501 4134 in
514 4086 606 4151 iniquo.
618 4087 693 4136 Inuti·
713 4150 716 4158 .
736 4089 816 4144 etius,
841 4097 865 4134 et
884 4082 1098 4134 Drakenborchins
1115 4097 1248 4145 testantur,
1327 4097 1330 4102 ’

183 4168 229 4215 lem
242 4178 266 4216 et
279 4168 396 4233 ingratam
407 4167 448 4214 bic
460 4167 582 4223 voculam,
597 4183 691 4230 quamn
734 4167 788 4227 jure
806 4165 957 4215 sustulimus.
973 4167 1018 4212 En.
