2976 4712
486 417 752 498 ainnohun
782 433 923 501 mvn.
1159 427 1229 522 433

173 543 290 643 Scipio
308 548 444 648 Literni
461 545 638 620 decessit:
659 563 694 621 et
711 561 882 647 tanquam
898 555 1072 652 jungente
1085 557 1231 631 fortuna

173 656 264 724 circa
283 654 378 726 idem
394 665 537 753 tempus
559 657 776 730 duo'funera
797 661 1033 734 maximorum
1050 667 1230 758 virorum,

173 763 374 851 Hannibal,
398 768 560 837 aPrusia
586 767 757 864 Bithyniae
780 789 883 866 rege,
908 769 953 841 ad
978 797 1108 868 quem,
1135 779 1230 850 victo

172 873 349 944 Antiocho
357 874 614 974 Neonfugerat
629 902 744 974 quum
759 877 952 950 dederetur
968 885 1153 972 Romanis,
1168 890 1231 983 qui

172 981 215 1053 ad
229 983 497 1080 exposcendum
513 985 663 1058 illumT.
674 989 864 1078 Quintium
879 983 1117 1063 Flamininum
1131 998 1231 1068 mise·

171 1107 266 1181 rant,
282 1117 423 1165 veneno
439 1094 508 1166 sibi
521 1111 674 1168 mortem
687 1099 870 1168 conscivit.
883 1098 1131 1210 Philopoemen
1142 1129 1232 1200 quo-

170 1226 277 1298 que,
277 1201 350 1273 dux
366 1203 595 1294 Achaeorum,
614 1199 669 1276 vir
682 1207 873 1295 maximus,
889 1232 908 1278 a
923 1212 1131 1281 Messenns
1122 1228 1231 1302 mter-

171 1326 313 1408 emptus
335 1335 493 1408 veneno,
513 1339 627 1410 quum
647 1314 753 1386 abus
772 1314 870 1387 bello
890 1331 1017 1414 captus
1039 1335 1141 1390 esset
1163 1325 1232 1393 Co-

169 1419 272 1489 Ioniae
281 1423 445 1492 Potentia
456 1438 493 1493 et
501 1423 685 1494 Pisaurum
697 1437 733 1494 ct
744 1426 884 1494 Mutma
892 1440 928 1497 et
936 1427 1233 1502 Parmadeductae

170 1529 263 1600 sunt
276 1533 450 1602 Praeterea
459 1555 515 1602 res
527 1530 695 1630 adversus
707 1532 906 1605 Celtiberos
919 1549 1091 1632 prospere
1104 1554 1231 1636 gestas,

170 1654 206 1709 et
228 1639 327 1710 initia
349 1664 545 1737 causasque
568 1638 654 1712 belli
675 1632 899 1712 Macedonici
924 1645 1103 1732 continet;
1129 1649 1232 1743 cujus

169 1750 272 1845 origo
295 1748 379 1820 inde
402 1749 526 1836 fluxit,
546 1749 646 1847 quod
669 1749 856 1848 Philippus
880 1775 970 1848 aegre
993 1750 1149 1842 ferebat,
1172 1782 1228 1827 re

167 1882 279 1954 gnum
298 1883 402 1929 suum
422 1861 588 1930 imminui
614 1885 634 1930 a
654 1860 842 1945 Romanis,
861 1875 898 1930 et
921 1859 1021 1956 quod
1040 1881 1230 1958 cogeretur

168 1967 405 2050 aThracibus
421 1969 572 2066 aliisque
591 1969 678 2040 locis
697 1966 858 2066 praesidia
878 1967 1074 2039 deducere.¹

425 2183 670 2250 EPITOME
701 2185 847 2251 LIBRI
879 2185 957 2250 XL.

215 2375 336 2462 Quum
362 2366 547 2470 Philippus
566 2371 697 2447 liberos
719 2395 864 2458 eorum,
890 2383 1006 2469 quos1
1023 2373 1229 2464 occiderat,

166 2484 333 2579 conquiri
349 2481 492 2554 obsides
505 2483 684 2577 jussisset,
704 2481 915 2568 Theoxena,
938 2506 1005 2578 pro
1020 2481 1143 2555 liberis
1157 2487 1230 2555 suis

167 2607 204 2661 et
227 2593 360 2662 sororis
384 2589 579 2662 admodum
601 2593 723 2689 pueris
743 2593 854 2661 verita
880 2593 997 2688 regis²
1018 2591 1229 2682 libidinem,

53 2735 60 2748 ·
166 2702 314 2798 prolatis
331 2705 369 2771 in
388 2700 548 2771 medium
567 2700 691 2796 gladiis
708 2715 743 2770 et
761 2702 912 2797 poculo,
928 2702 966 2769 in
984 2726 1059 2796 quo
1078 2718 1154 2772 erat
1169 2727 1227 2773 ve-

166 2835 320 2900 nenum,
335 2811 446 2882 suasit
461 2807 515 2898 iis,
525 2826 567 2880 ut
582 2812 773 2880 imminens
789 2809 986 2880 ludibrium
1003 2825 1119 2880 morte
1136 2809 1228 2882 effu·

166 2935 301 3016 gerent.
323 2919 431 3010 Quod
449 2942 563 3016 quum
582 2922 834 3014 persuasisset,
855 2921 930 3015 ipsa
952 2942 989 2988 se
1012 2942 1096 2989 cum
1117 2921 1192 2991 viro
1210 2947 1230 2992 e

168 3025 247 3097 navi
271 3028 309 3098 in
335 3052 432 3098 mare
459 3027 703 3125 precipitavit.
733 3028 936 3098 Certamina
959 3027 1053 3101 inter
1075 3026 1230 3127 Philippi

166 3136 383 3208 Macedoniae
404 3137 500 3235 regis
523 3134 656 3206 liberos
679 3141 810 3207 Persen
837 3149 872 3205 et
895 3135 1119 3205 Demetrium
1137 3136 1229 3209 refe-

105 3237 108 3242 ’
140 3310 142 3318 ,
166 3262 318 3333 runtur;
343 3259 380 3316 et
403 3261 445 3317 ut
471 3243 597 3316 fraude
624 3243 742 3315 fratris
766 3246 821 3314 sui
842 3243 1046 3314 Demetrius
1069 3244 1230 3320 confictis

200 3444 333 3490 Earnxb.
349 3459 370 3492 1.
388 3444 486 3494 Liberos
503 3461 600 3502 eornm,
613 3460 674 3506 quos
718 3443 743 3489 in
762 3442 866 3490 vinculis
884 3442 1086 3491 nobilissimorum
1103 3443 1228 3492 homanum
1303 3442 1306 3458 ¹

166 3520 289 3569 occiderat
298 3522 356 3570 cod.
368 3523 436 3590 Leid.
444 3536 469 3573 et
476 3523 510 3572 ita
519 3523 572 3572 Liv.
582 3525 633 3580 XL,
649 3525 673 3578 3,
717 3520 832 3569 habebat.
846 3519 894 3570 Sed
912 3519 1023 3580 dubitat,
1034 3537 1065 3569 nn
1076 3520 1129 3570 haec
1144 3523 1228 3572 verbo

166 3610 190 3648 et
201 3599 290 3664 Polyb.
304 3603 401 3664 mv,
415 3604 444 3661 8,
456 3601 503 3651 ulai
516 3589 590 3650 cx'iis
599 3600 672 3649 lectio
717 3616 771 3647 rum
784 3610 903 3648 structura
916 3600 1023 3667 legitima
1034 3601 1080 3662 sit,
1092 3611 1117 3648 ct
1126 3601 1227 3664 conjicit

165 3676 311 3742 deprompta
326 3690 443 3729 astznam
456 3683 482 3729 in
495 3681 593 3744 reliquit
604 3680 674 3728 libris
716 3678 1055 3728 nobilissimosltominrsAEn.
1094 3717 1096 3722 ,

161 3759 211 3820 ¹pro
223 3755 347 3804 occiderat
355 3757 444 3822 legitur
452 3759 477 3806 in
490 3759 595 3808 vinculis
605 3759 673 3806 nobi·
752 3773 777 3805 a.
790 3755 938 3808 ΡνολίῠσνιέΙ
949 3756 998 3804 suis
1017 3767 1041 3804 ct
1054 3756 1145 3804 sororis
1159 3775 1185 3806 a.
1194 3775 1224 3822 p.

165 3833 310 3882 intimorum
327 3834 450 3884 hominum
467 3837 583 3892 habebnt,
598 3849 623 3884 ct
636 3853 673 3885 rc·
717 3835 797 3884 aurita
818 3835 880 3900 regis
902 3834 1038 3890 libidinem,
1058 3835 1150 3884 locutio
1173 3851 1226 3884 non

165 3911 229 3961 etius
242 3911 328 3960 liberos
341 3929 441 3972 eornm„
455 3932 515 3978 quos
530 3915 555 3962 in
569 3915 674 3963 vinculis
716 3914 816 3963 seranda
834 3915 939 3976 videtur,
950 3925 974 3962 et
986 3913 1034 3978 lag.
1050 3912 1181 3962 Theoxena
1199 3916 1226 3964 Ii.

167 3989 264 4037 tenebat
279 3991 319 4037 vel
334 3991 452 4050 habebat,
467 3993 582 4041 nobilium
596 3992 673 4041 homi·
717 3993 778 4040 beru
787 3991 836 4040 suis
847 4001 900 4040 cea.
911 4009 937 4040 a.
945 3991 1040 4056 pueris,
1050 3990 1170 4040 verita...
1184 4011 1226 4041 ve·

167 4085 233 4116 num.
245 4067 319 4117 Gonl.
329 4071 405 4118 Parin.
414 4071 499 4122 Anim.
508 4071 571 4122 Hist.
583 4088 637 4135 cap.
648 4089 674 4134 9,
718 4083 818 4126 nanum,
827 4070 919 4127 suasit,
933 4081 972 4128 nt,
984 4082 1030 4118 etc.
1044 4068 1225 4120 Drakenborch.

166 4163 222 4211 pag.
239 4147 298 4208 376.
317 4174 351 4185 -
366 4148 449 4198 Edidit
460 4150 600 4200 Creverius:
614 4166 675 4214 quos
719 4149 873 4198 Theoxenus
883 4148 964 4213 pribis
977 4147 1078 4208 marito,
1087 4161 1161 4212 quem
1170 4146 1228 4198 Phi·
1304 4213 1310 4224 f

268 4235 370 4303 VIlI.
1042 4235 1088 4306 28
