2982 4702
219 375 245 414 Α.
259 375 282 415 G.
299 374 344 424 1⁶9.

222 432 342 476 w„
418 393 510 461 mn.
538 347 672 462 xnlt't.
701 394 806 460 car.
830 395 915 461 vu.
935 395 1044 496 vus.
1194 389 1286 464 183.

191 518 229 586 in
245 539 361 586 unum
377 514 548 585 omnibus
570 513 684 612 copiis
703 513 952 612 ducibusque,
971 517 1156 612 increpare
1171 533 1261 612 prae-

191 625 304 697 fectos
326 625 595 722 praesidiorum‚
610 639 693 696 aute
705 649 832 696 omnes
846 623 1141 722 Asclepiodotum
1153 636 1262 720 atque

191 736 389 833 Hippiam:
415 733 461 804 ab
482 735 539 805 his
563 734 682 807 dicere
709 735 862 807 claustra
888 734 1106 806 Macedoniae
1134 733 1264 805 tradita

154 849 159 856 '
192 847 363 916 Romanis
378 869 479 933 esse;
498 837 602 940 cujus
624 847 738 944 culpae
756 867 841 918 rcus
863 864 970 917 nemo
982 845 1133 939 justius,
1151 859 1261 942 qnam

192 955 288 1052 ipse,
301 952 435 1026 fuisset.
445 956 596 1027 Consnii
602 971 796 1054 postquam
807 980 853 1027 ex
860 955 932 1028 alto
941 969 1133 1054 conspecta
1144 956 1263 1028 classis

192 1089 296 1163 spem
309 1063 413 1154 fecit,
427 1090 510 1138 cum
524 1081 728 1138 commeatu
742 1091 850 1137 naves
863 1066 986 1136 venire
1003 1064 1153 1163 (ingens
1166 1067 1263 1138 euim

185 1177 319 1247 mritas
340 1200 492 1248 annouae
511 1201 552 1247 ac
565 1199 680 1274 prope
693 1177 816 1276 iuopia
835 1176 949 1272 erat),
969 1175 1015 1246 ab
1030 1177 1178 1248 invectis
1189 1178 1263 1273 jam

192 1300 342 1382 portum
356 1287 475 1372 audit,
497 1288 678 1358 onerarias
696 1309 804 1359 naves
817 1287 1005 1384 Magnesia
1019 1287 1160 1358 relictas
1174 1313 1261 1360 esse.

192 1400 335 1468 Incerto
352 1397 458 1484 inde,
474 1397 648 1495 quidnam
665 1397 842 1496 agendum
863 1395 956 1468 foret
970 1397 1086 1495 (adeo
1101 1399 1177 1469 sine
1191 1398 1265 1470 ulla

193 1527 264 1605 ope
282 1507 415 1596 hostis,
439 1505 778 1607 quae,aggravaret⁵‚
793 1533 876 1584 cum
890 1510 966 1606 ipsa
984 1503 1197 1578 difficultate
1214 1532 1265 1578 re·

193 1641 277 1688 rum
291 1617 527 1717 pugnandum
542 1617 657 1713 erat),
676 1633 951 1718 peropportune
962 1616 1073 1688 literae
1090 1642 1110 1687 a
1125 1619 1184 1714 Sp.
1198 1621 1264 1688 Lu-

193 1729 304 1800 cretio
316 1729 429 1800 allatae
444 1745 545 1816 sunt,
564 1727 773 1819 castellam,
790 1755 870 1827 quae
879 1751 988 1826 super
997 1731 1132 1825 Tempe
1146 1743 1265 1798 essent

193 1851 230 1910 et
252 1840 345 1911 circa
361 1839 504 1928 Philan,
521 1836 670 1912 tenere⁶
689 1840 830 1927 omnia,
849 1837 1094 1934 frumentique
1111 1837 1149 1906 in
1168 1837 1210 1906 iis
1228 1849 1265 1904 et

193 1949 343 2020 aliarum
361 1951 524 2047 infusum
542 1975 664 2022 rerum
684 1951 825 2048 copiam
842 1948 1032 2020 invenisse.

242 2063 335 2130 VIII.
357 2063 419 2131 His
436 2084 656 2159 magnopere
674 2060 775 2133 laetus
789 2059 916 2131 consul
932 2056 978 2130 ab
992 2058 1062 2128 Dio
1078 2054 1122 2126 ad
1136 2053 1262 2125 Philan

193 2169 294 2240 ducit
304 2179 330 2257 ¹,
357 2170 464 2242 simul
487 2185 529 2242 ut
550 2170 756 2268 praesidium
781 2172 857 2264 ejus
884 2167 1064 2256 firmaret,
1091 2165 1199 2237 simul
1223 2179 1264 2234 nt

195 2275 298 2347 militi
315 2276 556 2366 frumentum,
572 2280 676 2376 cujus
689 2281 790 2352 tarda
808 2274 994 2355 subvectio
1011 2293 1106 2364 erat,
1124 2273 1262 2346 divide-

193 2403 259 2460 ret.
279 2391 329 2460 Ea
346 2388 522 2488 profectio
542 2389 673 2464 famam
694 2390 977 2489 haudquaquam
993 2386 1186 2460 secundam
1202 2385 1263 2455 ha-

193 2503 292 2590 buit;
314 2525 397 2572 nam
417 2502 495 2591 alii,
514 2518 615 2575 metu
636 2504 823 2574 recessisse
845 2523 928 2574 eum
953 2498 998 2571 ab
1021 2499 1148 2583 hoste,
1171 2494 1263 2566 fere-

193 2613 301 2698 bant,
323 2615 409 2711 quia
433 2605 593 2687 manenti
617 2615 849 2711 imperatori²
871 2611 994 2711 praelio
1018 2605 1260 2680 dimicandum

194 2720 301 2793 foret:
319 2723 378 2793 alii
391 2725 575 2820 ignarum,
594 2723 680 2795 belli
694 2749 775 2820 quae
789 2725 826 2793 in
843 2723 920 2794 dies
933 2720 1079 2791 fortuna
1092 2729 1261 2802 novaret,

152 2916 155 2924 ff
194 2835 336 2933 utqui,
356 2833 596 2906 offerentibus
615 2860 691 2906 sese
713 2833 842 2921 rebus,
862 2833 1039 2905 omisisset
1056 2855 1076 2899 e
1095 2815 1263 2898 manibus
1322 2879 1327 2886 .

195 2970 252 3034 ea,
271 2971 350 3042 quae
374 2970 458 3017 mox
481 2948 596 3043 repeti
617 2971 692 3015 uon
715 2960 877 3043 possent·
899 2942 1012 3012 Simul
1036 2940 1133 3011 enim
1156 2939 1261 3008 cessit

231 3123 254 3170 5.
282 3123 333 3186 Ope
353 3121 440 3180 hostis,
465 3137 519 3186 quer
541 3133 703 3188 aggravaret,-

195 3202 251 3251 vidc
264 3202 295 3251 ad
306 3205 352 3261 IV,
367 3219 413 3265 ra,
427 3220 453 3251 n.
468 3203 492 3250 3.

231 3285 256 3332 6.
266 3283 355 3332 Litarae
365 3281 450 3330 allatce
464 3293 558 3330 surae...
573 3296 598 3326 se
607 3291 704 3336 tenere,-

195 3365 251 3414 vide
265 3365 438 3426 adv111‚19,
452 3379 478 3410 n.
494 3377 534 3410 ro.

231 3447 290 3496 Car.
304 3442 375 3492 vm.
400 3460 422 3490 r.
444 3442 488 3489 Ad
507 3439 596 3490 Philan
619 3436 704 3494 ducit,-

196 3524 294 3574 Philam
311 3523 390 3574 edidit
407 3521 535 3586 Sigonius,
549 3518 617 3584 quod
635 3533 705 3584 repu-

197 3603 288 3654 diatum
297 3622 311 3654 a
321 3601 479 3667 sequentibus
489 3599 625 3650 editoribus
634 3614 704 3646 revo-

197 3697 283 3734 carunt
292 3687 380 3732 Heam.
390 3694 414 3731 et
420 3684 490 3734 Crev.
499 3679 548 3730 Sed
556 3674 634 3745 prima
644 3675 703 3727 edit.

197 3779 221 3815 et
231 3782 314 3814 omues
328 3775 383 3813 aute
394 3764 478 3827 Sigon.
490 3759 580 3820 Philan
598 3769 703 3807 servant.

196 3847 233 3894 De
246 3845 322 3894 verbo
341 3843 429 3893 ducere
437 3839 493 3888 vide
504 3840 534 3886 ad
547 3836 617 3896 tres
627 3873 634 3896 ,
643 3854 670 3884 n.
680 3845 704 3894 4.

197 3952 231 3961 -
240 3923 317 3971 Simul
327 3935 353 3969 ut
362 3918 503 3985 prcesr'dr'um
516 3919 568 3977 ejus
585 3915 705 3977 firmarem

197 4004 252 4052 vide
270 4020 342 4068 supra
357 4001 388 4050 ad
403 4000 492 4048 tibrum
507 3999 585 4054 XXI,
596 4013 650 4062 cap.
663 3997 709 4059 57„

197 4097 255 4132 not..
265 4103 288 4146 7.
308 4096 311 4100 ’

234 4181 258 4212 a.
272 4159 383 4212 Manrnti
396 4157 550 4225 imperatori,
566 4174 616 4206 vox
632 4157 704 4220 impe-

747 3119 827 3167 ratori
834 3119 906 3183 plane
917 3115 1008 3176 otiosa;
1020 3119 1118 3166 Crever.
1131 3127 1154 3162 et
1165 3113 1258 3164 Duker.

747 3199 917 3264 -Vulgatum
938 3210 1019 3246 tarnen
1041 3189 1157 3260 Doering.
1176 3192 1259 3244 defeu-

749 3279 800 3338 dit,
814 3289 838 3326 et
851 3277 898 3328 sibi
917 3277 995 3326 videri
1012 3270 1059 3333 ait,
1078 3275 1196 3335 adjectam
1217 3291 1258 3322 vo-

748 3377 801 3409 cem
815 3357 958 3423 imperatori
970 3356 1010 3415 id,
1024 3353 1092 3420 quod
1104 3354 1257 3418 imperatoris

749 3439 844 3496 fuisset,
865 3437 998 3500 designare.
1015 3431 1061 3484 Eo.
1078 3461 1113 3472 —
1125 3435 1189 3482 Mox
1212 3432 1260 3482 alii

749 3519 862 3584 ignarum
878 3516 950 3574 betti,
971 3531 1073 3580 quaeque
1089 3514 1113 3561 in
1130 3513 1182 3561 dies
1191 3511 1217 3578 f
1233 3531 1257 3560 n.

749 3601 814 3661 conj.
830 3600 884 3647 Jac.
899 3595 979 3645 Perir.
989 3621 1024 3632 --
1036 3591 1197 3659 Offirentt'bus
1209 3608 1259 3640 sese

749 3679 834 3734 rebus,
857 3693 974 3742 prospera
995 3689 1076 3722 rerum
1098 3672 1257 3736 gerendarum

749 3759 877 3806 occasione
886 3774 911 3804 se
919 3755 1038 3803 offerente
1047 3770 1089 3800 seu
1100 3751 1195 3808 oblata,
1208 3752 1257 3798 for·

748 3850 806 3886 tuna
832 3837 919 3902 coeptis
941 3835 1076 3900 aspirante,
1096 3831 1199 3879 favente.
1222 3859 1255 3867 —-

752 3917 875 3968 Omisisset
888 3933 900 3962 e
914 3913 1038 3970 manibus,
1050 3913 1112 3958 forte
1129 3911 1255 3979 emisisset,

749 4008 777 4045 ut
792 3991 870 4053 xxi,
887 3997 932 4054 4⁸³
947 3994 1073 4052 xnvur,
1088 3999 1118 4048 42
1129 4009 1136 4050 ;
1148 3993 1256 4047 xxxv,

750 4078 780 4134 63
793 4077 934 4134 mvn,
950 4089 993 4133 ¹23
1007 4071 1071 4120 Duk.
1083 4071 1122 4120 Cf.
1136 4083 1216 4119 tamen
1225 4071 1257 4117 ad

751 4155 833 4215 XXV,
844 4157 889 4215 38,
904 4172 928 4203 n.
941 4156 965 4202 8.
980 4181 1013 4190 --
1027 4151 1115 4210 Simul,
1130 4167 1176 4214 pro
1186 4149 1259 4196 simul
