2970 4712
255 336 323 406 330
684 343 721 407 r.
746 342 877 410 mvn
1157 325 1279 425 ltlttlt:

250 459 367 528 omnis
388 457 550 554 duraque
577 460 675 532 cultu
699 477 735 532 et
761 487 885 558 aspera
906 463 1009 561 plaga
1029 479 1106 534 est:
1126 464 1306 535 cultorum

250 591 398 662 quoque
418 569 560 663 ingenia
584 584 686 640 terrae
708 569 858 644 similia⁶
881 571 999 643 habet.
1022 575 1228 645 Ferociores
1246 599 1306 646 eos

250 691 286 746 et
312 676 438 746 accolae
468 676 611 750 barbari
642 679 799 769 faciunt3
827 707 925 753 nunc
952 681 1049 753 bello
1077 698 1307 771 exercentes,

250 811 346 856 nunc
363 787 401 856 in
418 811 505 884 pace
523 789 712 861 miscentes
730 793 821 862 ritus
839 816 932 862 suos.
955 793 1082 862 Divisae
1100 794 1221 888 itaque
1239 795 1307 862 Ma·

250 894 408 965 cedoniae
425 897 580 994 partium
602 899 727 970 usibus
746 903 951 998 separatim,
971 917 1105 998 quanta
1121 904 1306 974 universos

249 1019 370 1075 teneat
379 1005 593 1078 Macedonas
605 1062 614 1095 ,
627 1006 782 1080 formula
796 1011 906 1098 dicta,
920 1036 1034 1107 quum
1050 1010 1145 1108 leges
1159 1037 1306 1108 quoque

250 1137 287 1184 se
304 1114 472 1185 daturum
491 1119 713 1190 ostendisset.

298 1228 426 1295 XXXI.
450 1228 556 1298 AEtoli
580 1228 709 1300 deinde
730 1233 847 1302 citati:
868 1232 905 1301 in
923 1256 994 1329 qua
1012 1232 1218 1329 cognitione
1238 1255 1307 1302 ma·

249 1335 322 1431 gis,
345 1350 424 1406 utra
445 1360 527 1433 pars
546 1341 738 1427 Romanis,
756 1354 833 1411 utra
850 1343 925 1438 regi
944 1339 1102 1428 lavisset,
1120 1341 1306 1436 quaesitum

250 1460 324 1530 est,
353 1470 459 1541 quam
488 1449 559 1518 utri
586 1445 752 1520 fecissent
779 1452 967 1544 injuriam,
993 1465 1054 1520 aut
1081 1452 1306 1546 accepissent.

250 1559 353 1628 Noxa
382 1555 521 1630 liberati
550 1557 847 1630 interfectores1:
878 1559 1053 1637 exsilium⁴
1068 1559 1180 1656 pulsis
1208 1583 1307 1654 teque

251 1681 368 1736 ratum
390 1665 482 1755 fuit,
505 1693 546 1739 ac
568 1694 665 1740 mors
686 1669 894 1741 interfectis.
920 1675 959 1739 Α.
982 1669 1121 1739 Baebius
1143 1693 1238 1738 unus
1256 1682 1308 1738 est

251 1776 459 1865 damnatus,
480 1779 579 1876 quod
606 1780 736 1850 milites
758 1768 927 1850 romdnos
946 1777 1156 1877 praebuisset
1177 1776 1221 1847 ad
1247 1779 1309 1846 mi-

251 1888 436 1958 nisterium
455 1888 572 1960 caedis.
592 1891 657 1960 Hic
673 1905 821 1960 eventus
836 1889 1034 1959 AEtolorum
1049 1911 1163 1958 causae
1177 1889 1214 1958 in
1230 1910 1307 1954 om-

251 1995 359 2067 nibus
376 1999 520 2068 Graeciae
536 1999 703 2097 gentibus
719 2000 935 2097 populisque
953 2022 1098 2084 eorum,
1121 1999 1184 2093 qui
1202 1997 1308 2094 partis

250 2113 495 2178 Romanorum
515 2107 676 2195 luerunt,
694 2109 829 2180 inflavit
850 2108 894 2180 ad
913 2106 1172 2179 intolerabilem
1189 2129 1308 2202 super·

250 2215 344 2287 biam
369 2219 530 2305 animos3
557 2233 593 2288 et
614 2218 790 2290 obnoxios
812 2218 963 2316 pedibus
989 2241 1114 2288 eorum
1140 2215 1309 2310 subjecit,

251 2413 386 2460 Molosside
418 2413 494 2478 Epiri.
522 2417 668 2486 Στυμφαλία
693 2418 760 2481 apud
801 2433 843 2482 ges
864 2432 960 2480 qaoque
979 2431 1005 2464 se
1023 2415 1138 2462 datarum
1161 2411 1308 2461 ostendisset.

252 2493 315 2541 Ptol.
325 2505 348 2541 et
358 2494 461 2542 Diodor.
471 2496 656 2564 20.2roppala
664 2497 758 2544 Arrian.
803 2494 933 2544 Biittnerus
958 2511 1016 2543 vcro
1042 2494 1113 2542 Obss.
1135 2494 1227 2541 Livian.
1254 2508 1308 2556 pag.

254 2574 279 2623 l·
298 2587 321 2630 7·
338 2575 457 2642 'Iuppaiot
474 2575 553 2624 Strub.
564 2577 628 2635 vn,
649 2585 673 2624 et
694 2576 758 2624 Plln.
807 2574 1045 2633 numunianum
1058 2573 1131 2621 docet
1147 2581 1310 2620 commentum

254 2651 299 2706 IV,
315 2666 358 2709 10,
371 2653 387 2716 ς
403 2669 443 2714 17.
459 2655 530 2704 Conl.
544 2653 759 2716 adXXXII,13,
804 2654 901 2718 quidvis
916 2653 983 2701 allud
995 2650 1143 2716 significare,
1156 2666 1229 2715 qnam
1243 2648 1310 2712 qaod

253 2745 278 2776 n.
296 2744 322 2788 1,
338 2742 362 2777 et
377 2732 459 2797 Intpp.
478 2734 572 2783 Gallim.
593 2736 624 2781 H.
644 2733 671 2780 in
687 2734 759 2782 Dian.
804 2735 885 2780 Livius
909 2731 1045 2795 significare
1070 2731 1164 2788 voluit,
1192 2742 1217 2778 et
1240 2731 1312 2777 unice

257 2810 313 2868 178.
327 2811 509 2869 -Etimtocis,·
526 2814 582 2861 vide
606 2814 638 2861 ad
659 2817 759 2872 XXXI,
803 2813 893 2877 prohat
907 2811 1029 2875 vulgarem
1043 2811 1187 2872 lectionem,
1200 2809 1240 2856 eni
1253 2825 1310 2856 sen-

257 2896 305 2946 40,
318 2905 342 2938 ¹¹·
358 2905 379 2936 1·
804 2893 905 2940 tentiam
917 2891 980 2938 hanc
993 2890 1070 2938 inesse
1083 2889 1161 2937 dicit:
1174 2911 1187 2930 α
1197 2887 1311 2938 moedo-

288 2969 315 3014 6.
332 2967 455 3016 Cultoreem
466 2969 564 3034 ingenia
572 2972 758 3028 terrasimilia5
804 2971 852 3018 niae
860 3007 867 3032 ,
876 2971 909 3018 lta
919 2986 966 3034 pro
980 2970 1029 3016 cuis
1042 2970 1160 3032 cujusque
1173 2967 1311 3030 regionibus

256 3046 353 3095 vidend
364 3049 417 3107 IX,
435 3050 480 3107 13,
491 3066 515 3098 n.
530 3067 555 3096 n.
805 3050 890 3097 osthus
905 3049 1002 3106 divisae,
1017 3048 1119 3095 formula
1136 3041 1194 3094 data
1213 3057 1249 3094 est
1260 3047 1311 3106 ejus

292 3141 315 3184 7.
329 3126 439 3174 Partinm
454 3127 533 3175 usibus
546 3129 680 3193 separatis.
701 3130 726 3177 h.
739 3149 760 3178 e.
804 3130 921 3188 ambitae,
935 3139 963 3176 ot
978 3128 1086 3176 universi
1104 3126 1253 3175 macedonici
1266 3141 1311 3189 po·

253 3205 404 3252 commerciis
425 3207 574 3271 interruptis.
600 3235 635 3245 ·-
663 3210 763 3271 Quanta
804 3208 859 3272 puli
875 3207 1076 3271 complecteretur
1090 3207 1264 3270 corpus-En.
1277 3231 1312 3240 -

253 3282 373 3331 universos
380 3297 461 3332 teneat
468 3287 625 3344 Macedonas,
639 3288 763 3350 forteque
806 3286 921 3334 Formula
934 3285 1020 3341 dicta,·
1031 3285 1081 3331 vid.
1092 3300 1145 3347 cap.
1160 3285 1208 3341 πθ,
1222 3300 1246 3330 n.
1260 3299 1283 3345 9.

254 3363 372 3410 universos
396 3377 485 3412 teneret
509 3366 660 3414 Macedonas
667 3387 676 3423 ,-
699 3368 762 3414 Gro-
840 3353 1011 3413 ciexltxl.
1028 3379 1050 3409 1.
1069 3363 1147 3408 Noxa
1165 3361 1262 3408 liberati
1275 3360 1312 3408 in·

254 3444 350 3491 novius.
372 3443 569 3504 -'Walchins,
595 3445 635 3492 cul
661 3445 762 3493 historia
806 3443 952 3508 terfectores,
969 3452 1014 3488 etc.
1031 3441 1098 3488 conf.
1113 3440 1262 3505 adcepad.
1276 3467 1312 3476 —

254 3535 282 3568 ec
293 3523 466 3570 sententiarum
476 3540 553 3572 nexus
566 3540 666 3588 poscere
677 3524 762 3572 viden·
808 3521 940 3585 Qaipartr's
950 3523 1017 3569 Bone.
1022 3522 1144 3585 fueram
1156 3519 1211 3566 ride
1220 3519 1252 3566 ad
1265 3521 1312 3577 III,

253 3611 293 3647 tur
301 3601 448 3650 mentionem
456 3602 553 3650 abolita*
562 3603 634 3668 regaie
640 3603 764 3668 jurissor»
807 3602 854 3659 36,
867 3617 891 3648 n.
905 3609 935 3660 43
946 3601 1042 3660 xxtv,
1053 3608 1100 3658 42,
1111 3617 1138 3646 n.
1152 3606 1176 3654 4.
1189 3623 1223 3634 -
1234 3597 1310 3665 hyla·

255 3681 342 3736 titulae,
363 3683 460 3744 penitae
482 3682 619 3748 improbata
642 3683 762 3730 Gronovii
806 3679 839 3726 ait
858 3679 894 3726 ad
911 3678 1087 3728 intolerabilem
1105 3676 1241 3742 stperbiam
1257 3676 1312 3724 aui·

255 3760 415 3818 correcdone,
428 3761 480 3825 Ipse
491 3761 591 3810 Emend.
601 3761 653 3809 Liv.
665 3777 690 3825 p.
701 3777 762 3822 271,
806 3776 876 3816 mos‚·
894 3759 927 3808 ite
947 3759 1041 3808 inflavit
1058 3759 1167 3814 animos,
1184 3769 1213 3804 nt
1227 3771 1312 3804 eorum

255 3838 419 3896 conjecturam
438 3840 540 3903 protulit
569 3841 647 3888 hanc:
673 3840 762 3887 Diviste
805 3839 917 3903 superbie
926 3837 994 3886 fieret
1002 3837 1170 3886 intolerabilis.
1180 3836 1227 3884 Sed
1236 3850 1311 3898 quum

254 3915 338 3978 itaque
349 3918 500 3966 Macedoniae
510 3917 619 3983 partiam
632 3913 712 3966 tisibus
722 3934 758 3965 se·
805 3918 892 3985 inflare
910 3917 1004 3965 anitaos
1025 3918 1061 3965 ad
1079 3915 1255 3965 intolerabilem
1273 3930 1312 3960 sa-

251 3993 363 4058 poratis,
375 4013 430 4058 qaae
450 4010 524 4045 antea
544 3996 663 4044 rmiversos
683 3999 761 4045 tenuit
801 3997 912 4062 perbiam
930 3995 1039 4043 videatur
1059 3999 1133 4044 Doer.
1154 3992 1310 4049 insolentius,

254 4073 403 4121 Macedonas
409 4075 520 4137 fhrmula
534 4076 612 4122 deleta
619 4109 626 4130 ‚
639 4091 712 4138 quam
723 4076 758 4122 le·
805 4078 842 4121 sir
853 4075 892 4122 ille
903 4075 988 4122 doctus
998 4073 1105 4121 incitavit
1113 4073 1257 4138 suspicatur.
1266 4071 1311 4119 En.
