2972 4720
239 398 283 468 38
316 354 317 362 Ν
655 403 863 470 T.L1V11

286 525 380 590 XXI.
401 520 576 590 Consules
595 520 639 590 ad
657 520 692 590 id
714 536 856 618 tempus
875 522 913 590 in
934 523 1136 618 provincias
1152 545 1226 592 non
1241 543 1302 593 ex-

238 631 352 700 ierant
364 639 388 713 ¹,
407 631 492 725 quia
510 653 646 725 neque,
669 632 723 700 uti
736 629 782 700 de
797 635 846 701 Μ.
863 629 1014 727 Popillio
1033 629 1227 719 referrent,
1248 657 1301 703 se·

240 741 339 809 narni
365 735 673 834 obsequebantur,
694 755 729 810 et
755 739 844 809 nihil
867 738 964 810 aliud
989 740 1180 832 decernere
1201 743 1301 839 prius

239 862 409 918 statutum
426 848 589 920 Patribus
608 864 692 920 erat.
711 855 825 920 Aucta
842 851 948 920 etiam
967 850 1099 921 invidia
1117 866 1170 922 est
1187 852 1301 949 Popil-

239 959 277 1028 lii
293 958 402 1028 literis
418 958 514 1058 ejus,
532 956 666 1055 quibus
684 960 812 1029 iterum
830 983 911 1030 cum
930 959 1181 1031 Statiellatibus
1198 961 1301 1056 Ligu·

221 1066 341 1138 ribus
365 1069 560 1164 proconsul
588 1092 764 1165 pugnasse
792 1093 829 1140 se
858 1070 1018 1167 scripsit,
1046 1093 1085 1140 ac
1113 1060 1149 1141 s'e
1177 1069 1301 1142 decem

240 1176 351 1246 millia
376 1201 501 1248 eorum
526 1177 719 1249 occidisse:
745 1194 893 1276 propter
912 1181 1013 1273 cujus
1031 1178 1197 1273 injuriam
1215 1178 1302 1249 belli

240 1291 356 1359 caeteri
375 1313 523 1386 quoque
541 1290 712 1386 Ligurum
731 1289 857 1386 populi
878 1288 924 1359 ad
943 1313 1039 1359 arma
1059 1290 1187 1359 ierunt.
1209 1293 1301 1358 Tum

239 1422 324 1469 vero
351 1421 424 1468 non
449 1397 577 1469 absens
600 1398 709 1468 modo
736 1399 925 1495 Popillius,
948 1401 1012 1495 qui
1031 1397 1159 1468 deditis
1178 1412 1303 1467 contra

236 1507 295 1599 jus
313 1532 352 1578 ac
371 1505 422 1578 fas
441 1507 578 1579 bellum
596 1507 792 1594 intulisset,
815 1524 851 1578 et
867 1513 1011 1604 pacatos
1028 1507 1095 1578 ad²
1113 1506 1302 1579 rebellium

239 1620 439 1706 incitasset,
458 1619 521 1691 sed
540 1619 723 1705 consules,
741 1619 842 1715 quod
860 1641 933 1688 non
953 1620 1090 1689 exirent
1106 1621 1143 1687 in
1162 1619 1303 1716 provin·

239 1731 350 1816 ciam,
370 1731 406 1800 in
426 1745 560 1802 senatu
580 1730 755 1826 increpiti.
783 1731 859 1798 Hoc
882 1751 1058 1798 consensu
1079 1731 1225 1798 Patrum
1245 1750 1301 1794 ac·

239 1829 336 1910 censi
355 1843 404 1909 M.
423 1841 577 1908 Marcius
595 1843 720 1910 Sermo
739 1841 832 1928 etQ.
850 1839 1003 1912 Marcius
1017 1837 1148 1933 Scylla,
1166 1833 1303 1907 tribuni

240 1947 377 2045 plebis,
390 1963 427 2018 et
440 1946 649 2018 consulibus
663 1949 831 2021 mulctam
846 1972 883 2018 se
897 1946 1073 2031 dicturos,
1088 1948 1155 2016 nisi
1168 1948 1205 2015 in
1220 1971 1303 2044 pro-

240 2059 392 2127 vinciam
411 2059 567 2144 exirent,
587 2057 863 2142 denuntiarunt,
885 2072 921 2126 et
936 2061 1176 2153 rogationem,
1193 2079 1303 2154 quam

241 2164 286 2236 rle
308 2166 502 2263 Liguribus
523 2166 653 2238 deditis
669 2166 897 2263 promulgare
915 2169 952 2236 in
972 2169 1091 2237 animo
1109 2166 1302 2254 haberent,

242 2276 279 2348 iu
294 2290 419 2349 senatu
431 2278 637 2348 recitarunt.
653 2274 902 2364 sanciebatur,
919 2293 959 2348 ut
973 2285 1038 2374 qui
1049 2274 1121 2347 ex³
1138 2277 1289 2348 Statielli

242 2385 370 2454 deditis
389 2392 425 2454 in
444 2385 642 2458 libertatem
660 2392 837 2456 restitutus
857 2405 941 2458 ante
961 2387 1138 2459 Calendas
1154 2386 1304 2458 Sextiles

234 2499 379 2590 primas
405 2519 478 2563 non
505 2513 611 2581 esset,
638 2498 740 2590 cujus.
765 2495 849 2567 dolo
872 2498 970 2569 malo
993 2505 1022 2567 is
1045 2505 1082 2568 in
1103 2504 1305 2568 servitutem

244 2609 415 2688 venisset,
430 2605 618 2702 atjaratus
628 2622 773 2678 senatus
787 2607 1019 2696 decerneret,
1031 2613 1097 2706 qui
1107 2634 1188 2680 eam
1201 2604 1215 2650 ⁵
1229 2633 1303 2678 rem

205 2777 208 2787 ’
246 2789 408 2851 (irrogant.
422 2793 462 2851 11,
477 2795 622 2856 3‚p.·479.
635 2794 755 2858 Corrupta
799 2797 825 2843 la
844 2813 858 2843 a
875 2795 981 2845 librariis
1002 2800 1065 2848 forte
1085 2799 1229 2862 depravata,
1246 2797 1309 2864 sed,

247 2867 320 2915 lectio
329 2868 442 2918 Oaeimum
451 2872 553 2921 formata
562 2873 696 2920 videtum
705 2873 755 2934 ejus
799 2867 855 2929 qula
870 2868 942 2931 plane
954 2870 1073 2917 incertum
1081 2881 1130 2929 est,
1143 2870 1203 2932 quid
1215 2883 1262 2932 pro
1275 2867 1305 2914 iit

246 2949 346 2998 nomine
351 2948 471 3000 hodierno
480 2952 701 3010 Osimo,ve10smo.
709 2955 755 3000 Eo.

281 3029 342 3078 Car.
354 3031 426 3081 XXI.
446 3047 470 3082 1.
491 3031 603 3081 Consules
621 3031 646 3080 ia
658 3032 756 3094 provin·

246 3108 298 3156 cias
311 3125 361 3156 non
377 3109 502 3170 exierant,
518 3111 593 3160 immo
602 3135 605 3140 ·
614 3112 639 3158 in
656 3111 756 3176 provin·

246 3190 324 3249 clam,
336 3191 404 3255 quod
418 3209 477 3240 mox
494 3192 532 3239 bis
545 3193 636 3240 dicitur
646 3227 653 3251 ,
665 3204 690 3240 er
701 3208 755 3256 cap.

249 3273 280 3315 'aa
293 3285 331 3332 pr.
340 3285 396 3316 uam
412 3285 459 3317 una
473 3270 520 3318 tuit
530 3272 671 3334 provincia,
684 3271 757 3334 Ligu-

188 3409 194 3419 ,
248 3346 297 3405 ria,
306 3347 424 3394 ambobus
435 3349 577 3398 consulibus
585 3349 679 3398 decreta
688 3368 695 3409 3
705 3349 756 3398 vid.

249 3440 303 3488 cap.
321 3440 359 3472 ιο.
374 3451 408 3462 -
420 3426 462 3473 Uti
473 3427 503 3474 de
517 3429 552 3474 M.
562 3429 667 3494 Popillio
682 3427 757 3493 reser-

249 3515 317 3562 ant,
330 3515 376 3551 etc.
385 3501 416 3552 cl.
428 3520 482 3568 cap.
495 3507 705 3555 10.--Procorrsul
708 3523 757 3570 pu·

247 3597 337 3646 grasse
343 3619 351 3642 ,
372 3594 419 3631 etc.
445 3583 508 3632 forte
524 3600 572 3648 pro
594 3585 691 3633 consula
708 3601 757 3648 pn-

248 3677 337 3725 gnasse
354 3660 497 3725 rescripsit,
512 3678 543 3710 ac
551 3658 653 3710 sedecim
666 3662 756 3721 millia,

799 2945 913 2996 substitui
925 2948 1026 3007 debeat,
1037 2948 1120 3012 potius
1132 2945 1307 3012 relinquenda,

799 3037 828 3074 ut
844 3029 920 3076 multa
937 3029 1048 3077 locorum
1066 3029 1242 3091 hominumque
1259 3040 1304 3072 no-

800 3106 878 3166 mina,
888 3117 942 3172 quae
951 3107 1009 3156 alibi
1018 3123 1070 3154 non
1079 3117 1220 3161 occurrunt;
1230 3104 1305 3154 Dralr.

799 3184 872 3234 conf.
891 3186 922 3234 ad
943 3187 996 3244 111,
1019 3186 1062 3242 50,
1080 3199 1106 3230 n.
1125 3199 1146 3231 1.
1166 3183 1239 3229 naua
1258 3198 1305 3245 pro

800 3265 880 3327 Scylla
894 3266 958 3325 conj.
970 3264 1038 3326 Pigh.

837 3345 862 3391 3.
875 3345 908 3390 Ut
921 3342 965 3406 qui
974 3357 1006 3388 ex
1021 3338 1149 3395 Statiellis,
1159 3349 1206 3386 etc.
1219 3355 1265 3403 pro
1279 3351 1308 3386 ut

800 3421 822 3468 si
830 3420 883 3484 quis
893 3436 925 3467 ex
933 3420 967 3467 St.
977 3445 1012 3455 -
1020 3419 1085 3464 Ante
1098 3416 1216 3465 Calendas
1229 3419 1307 3466 Sexti-

801 3481 834 3547 les
838 3499 945 3564 prr'mas,
955 3498 1086 3564 proximas.
1094 3499 1162 3544 -In
1172 3496 1306 3545 servitutem

800 3578 917 3636 venisset,
928 3579 1002 3625 immo
1011 3577 1037 3625 in
1045 3576 1155 3625 servitute
1163 3575 1305 3646 mapsr'ssee5

802 3659 878 3706 Gron.

837 3745 861 3792 4.
874 3739 905 3784 lle
918 3735 1018 3802 juratus
1034 3747 1131 3784 serratus
1149 3735 1306 3791 decerneret,-

800 3815 856 3863 vide
873 3815 904 3863 ad
917 3814 1021 3876 XXVI,
1037 3816 1084 3874 33,
1099 3832 1125 3864 n.
1146 3829 1170 3875 9.
1185 3815 1222 3862 De
1239 3814 1309 3860 itera·

251 3750 298 3789 etc.
308 3742 363 3790 Jac.
376 3740 452 3789 Perit.

286 3833 312 3866 a.
324 3822 431 3868 Pacatos
443 3819 480 3866 ad
493 3817 632 3877 rebellium,
644 3837 690 3884 pro
703 3821 755 3868 vul·

251 3898 302 3961 gari
313 3899 514 3956 rebellauerant
522 3899 662 3965 contagium
672 3910 695 3948 et
704 3917 759 3948 con·
801 3896 868 3943 tione
889 3894 1014 3960 particulae
1039 3905 1066 3942 at
1085 3894 1141 3941 vide
1167 3893 1198 3940 ad
1218 3894 1307 3952 xxti,

251 3975 334 4040 ragio,
349 3978 496 4026 consorcium
508 3989 532 4026 et
545 3978 682 4036 consortio,
696 3977 759 4026 olli·
805 3990 849 4035 11,
859 3992 884 4024 ιι.
899 3991 924 4023 a.

252 4054 315 4104 vium
329 4067 354 4103 et
365 4055 465 4114 oblivio,
480 4056 598 4104 obsidium
608 4069 634 4106 et
647 4056 758 4114 obsidio,·
838 4055 863 4104 5.
880 4053 927 4118 Qui
936 4069 991 4102 eam
1006 4067 1058 4099 rem¹
1068 4062 1186 4115 quoereret
1195 4048 1308 4097 animad-

252 4134 330 4188 Gton.
340 4137 402 4186 Mox
413 4135 558 4201 cognomina
568 4138 649 4185 Sermo
660 4147 684 4184 et
695 4137 758 4197 Scyl·
804 4146 965 4209 veneresque,
983 4140 1149 4198 cognosceret,
1168 4129 1206 4178 vel
1224 4129 1308 4192 potius
