2970 4712
255 325 323 398 326
675 313 884 396 't'.l.L1v11
1156 307 1220 406 33⁰,
1234 310 1278 409 3333

253 465 352 520 sueta
363 450 482 518 omnia
494 448 607 517 oeulis
617 445 855 543 auribusque3
869 473 947 544 quae
958 449 1014 518 vel
1025 450 1159 536 socios,
1174 439 1310 520 nedum

205 561 207 568 ’
255 561 376 632 hostes
397 561 530 644 victos,
556 571 688 628 terrere
710 569 892 654 possent&
917 559 1064 630 Silentio
1087 582 1153 655 per
1175 581 1311 656 praeco-

257 694 340 739 nem
356 667 470 755 facto,
489 667 629 738 Paullus
647 666 774 753 latine,
797 692 876 763 quae
895 669 1052 752 senatui,
1074 693 1155 763 quae
1181 666 1248 736 sihi
1267 691 1312 736 ex

258 777 395 852 consilii
409 777 582 878 sententia
595 780 669 846 visa
683 791 817 860 essent,
831 778 1094 873 pronuntiavit:
1111 801 1152 848 ea
1167 779 1230 846 Cn.
1246 781 1314 847 Oc·

258 889 371 958 tavius
392 901 543 983 pretor,
563 909 646 954 nam
671 898 707 955 et
730 887 805 981 ipse
827 886 968 970 aderat,
983 887 1217 981 interpretata
1240 909 1312 954 ser-

259 1021 368 1067 mone
395 1020 508 1092 graeco
529 993 715 1066 referebat.
737 999 906 1065 Omnium
916 1001 1079 1092 primum
1095 994 1224 1064 liberos
1240 1019 1315 1064 esse

249 1106 381 1200 jubere
396 1103 634 1188 Macedonas,
650 1103 822 1174 habentes
839 1103 944 1175 urbes
959 1104 1103 1173 eusdem
1119 1128 1313 1200 agrosque,

259 1224 393 1289 utentes
423 1213 558 1309 legibus
582 1219 676 1298 suis,
710 1239 851 1284 annuos
880 1229 1037 1284 creantes
1067 1220 1314 1308 magistratus:

261 1325 430 1394 tribunam
452 1323 641 1392 dimidium
660 1325 756 1416 ejus,
776 1325 878 1420 quod
887 1323 1145 1421 pependissent
1156 1323 1315 1418 regibus,

257 1433 416 1530 pendere
426 1430 565 1528 populo
582 1456 743 1502 romano.
764 1433 906 1504 Deinde
926 1439 962 1504 in
985 1449 1142 1529 quotuor
1159 1439 1317 1528 regiones

262 1544 374 1614 dividi
392 1542 670 1613 Macedoniam:
694 1567 805 1611 unam
818 1545 906 1633 fore
929 1559 965 1612 et
974 1549 1137 1640 primam
1155 1559 1316 1638 partem,

263 1652 365 1750 quod
385 1657 465 1746 agri
485 1656 576 1720 inter
592 1657 813 1744 Strymonem
836 1669 871 1721 et
888 1658 1042 1724 Nessum
1061 1649 1232 1722 umnem³
1251 1658 1317 1721 sit:

264 1784 487 1832 accessurum
516 1760 597 1830 huie
620 1767 721 1856 parti
744 1777 841 1830 trans
868 1767 1046 1848 Nessum,
1075 1762 1128 1832 ad
1151 1767 1317 1831 orientem

284 1909 325 1977 xn.
340 1932 400 1993 Quae
419 1928 566 1991 miserior,
586 1929 673 1975 nedum
694 1928 771 1976 hostes
815 1929 873 1976 tiam
883 1929 971 1978 dixisse
981 1931 1077 1993 potuit;
1089 1929 1154 1977 Duk.
1164 1942 1189 1978 et
1200 1929 1274 1976 Drak.
1286 1955 1318 1964 -

266 2012 363 2065 φῶτας,
378 2020 465 2056 terrere
477 2017 585 2071 possent.
602 2008 628 2054 si
646 2007 698 2054 haee
716 2023 772 2054 sana
816 2008 907 2054 Deinde
916 2007 940 2054 in
950 2019 1058 2070 quantor
1066 2008 1174 2073 regiones
1185 2007 1261 2055 diuidi
1271 2009 1320 2054 Ma·

268 2099 337 2146 sunt,
352 2087 463 2134 observat
481 2086 591 2144 Creven,
603 2085 677 2133 habes
693 2101 773 2133 exem·
816 2087 954 2143 cedendam,
967 2102 1026 2149 quas
1037 2087 1120 2134 Livius
1131 2087 1252 2134 recensuit
1260 2085 1317 2150 pro'·

268 2167 336 2230 plum
355 2165 479 2229 particule
498 2163 586 2211 nedum
608 2175 709 2228 sumpte
725 2180 772 2227 pro
817 2164 926 2229 grediens
946 2165 977 2212 sb
997 2165 1090 2212 oriente
1108 2167 1135 2211 in
1155 2164 1317 2220 occidentem

269 2261 317 2291 non
333 2243 427 2291 solum:
441 2241 509 2305 quod
529 2241 603 2303 vulgo
626 2252 716 2304 negent
736 2257 773 2288 re·
816 2243 882 2291 unde
895 2243 1087 2308 geographorum
1100 2260 1192 2290 morem
1205 2254 1319 2306 sequutus

270 2336 336 2373 otum
348 2337 399 2368 esse
410 2319 565 2384 grammatici.
581 2319 629 2366 Sed
638 2330 662 2367 et
672 2321 724 2384 ipse
733 2321 773 2369 ci·
817 2324 928 2371 ordinem
938 2323 1035 2370 invertit
1045 2323 1131 2371 Cellas:
1144 2325 1174 2370 0.
1189 2326 1220 2371 Δ.
1232 2325 1264 2379 ΙΙ,
1277 2325 1304 2370 13
1314 2357 1322 2380 ,

271 2417 327 2450 cero
337 2400 422 2448 eodem
434 2416 505 2449 sensu
517 2398 583 2448 illam
592 2399 731 2462 usurpavit,
743 2397 775 2446 ad
818 2403 860 2466 qui
871 2403 936 2450 euni.
951 2401 1040 2449 adhoc
1055 2413 1080 2448 et
1095 2419 1145 2466 seq.
1160 2410 1242 2465 caput.
1258 2401 1321 2448 Divi-

273 2476 645 2540 sn.x,1u:«tuquoniam
660 2487 775 2538 quartam
818 2481 911 2528 sionem
929 2481 992 2528 hane
1010 2481 1057 2526 viri
1079 2480 1145 2526 docti
1167 2497 1198 2526 ex
1221 2480 1322 2526 nusnmis

272 2569 352 2616 cares,
366 2567 390 2604 et
409 2557 499 2604 nedum
512 2556 624 2603 morbum
639 2555 776 2613 removisti,
820 2559 982 2617 illustrarunt3
997 2559 1047 2606 vid.
1061 2557 1323 2617 Drakenbmamdem,

272 2639 316 2687 sed
327 2639 399 2686 etiam
409 2635 562 2700 gravedinem
570 2657 592 2684 a.
603 2635 642 2684 Sic
653 2636 717 2682 enim
725 2634 778 2697 plu·
821 2655 852 2686 ex
865 2639 952 2701 Polyb.
963 2637 1039 2696 forte,
1052 2636 1119 2684 dedit
1131 2637 1271 2701 Dexippus,
1284 2653 1324 2683 eu-

273 2719 346 2768 rimos
357 2717 460 2778 scriptos
469 2713 557 2764 hebete
567 2725 684 2764 testantur
693 2729 778 2760 omnes
819 2717 859 2776 jus
872 2717 955 2780 fragm.
968 2715 995 2763 in
1004 2716 1096 2765 Chron.
1109 2715 1196 2763 Euseb.
1209 2731 1267 2778 pag.
1280 2717 1325 2773 56,

273 2798 323 2844 iere
337 2795 497 2857 interpretes:
511 2804 535 2840 et
549 2809 631 2840 rursus
648 2791 737 2840 Balbus
754 2803 780 2838 et
823 2810 878 2842 eum
904 2795 973 2842 Livio
999 2794 1120 2844 commisit
1147 2805 1171 2841 et
1200 2793 1325 2844 illustravit

273 2876 369 2940 Oppius
379 2874 406 2920 in
417 2888 457 2935 ep.
471 2871 502 2919 ad
513 2872 566 2920 cte.
578 2871 622 2919 lib.
634 2873 671 2917 IX
685 2870 716 2917 sd
727 2872 778 2918 Att.
823 2872 1004 2921 Sehurrfleisch.
1023 2873 1048 2919 in
1068 2873 1148 2921 Notit.
1166 2871 1231 2919 Bibl.
1244 2873 1325 2918 Vinar.

274 2978 286 2995 ⁴«
296 2949 385 3002 nedum
400 2952 526 2999 hominum
540 2949 682 3008 humilium,
696 2961 722 2998 ut
735 2965 780 2998 nos
824 2967 878 3015 pag.
890 2969 921 3011 7⁰
932 2967 970 3016 sq.
983 2967 1055 3013 quam
1066 2937 1207 3014 particulam
1220 2949 1276 2996 inde
1287 2965 1326 2996 ex-

276 3044 372 3090 sumnn,
386 3031 513 3079 sedetiam
526 3030 728 3094 amplissimorum
745 3029 780 3075 vi·
824 3039 929 3092 eerptsm
936 3031 963 3075 in
970 3027 1136 3093 Appendicem
1143 3030 1264 3077 livianum
1273 3043 1327 3074 cun·

276 3127 357 3158 rorum
367 3109 467 3158 consilia
480 3127 512 3158 ex
522 3121 621 3167 eventu,
633 3123 683 3156 non
694 3123 725 3154 ex
734 3123 780 3154 vo·
822 3108 881 3166 jecit
894 3107 1018 3155 Drakenb.

273 3191 383 3247 lentae,
395 3205 407 3236 s
418 3189 539 3252 plerisque
551 3187 650 3250 probari
669 3187 748 3233 solent
759 3207 794 3233 n..
837 3215 839 3219 ,
861 3187 885 3233 3.
897 3185 1006 3235 Primam
1014 3198 1124 3249 partem,
1142 3185 1211 3250 quod
1226 3184 1281 3250 agri
1293 3185 1326 3230 in-

271 3270 362 3330 'itsque
378 3282 430 3312 non
451 3266 522 3328 plane
538 3266 638 3313 iortasse
651 3265 781 3312 assentien-
813 3276 862 3330 ster
883 3266 1031 3325 Strymonem
1058 3274 1083 3310 et
1107 3265 1209 3310 Nessum
1235 3279 1327 3309 amnem

280 3347 338 3392 dum
350 3357 386 3392 est
399 3343 444 3390 hae
456 3344 482 3390 in
495 3360 520 3390 re
531 3345 652 3390 communi
667 3357 782 3408 gramma·
827 3343 908 3408 (sorte
925 3359 1007 3390 amnes
1019 3342 1029 3407 )
1041 3342 1085 3400 sit,
1102 3357 1156 3406 quie
1171 3352 1207 3390 est
1221 3341 1329 3388 Macedo·

280 3426 384 3472 ticornm
411 3423 530 3486 opinioni.
551 3424 597 3468 En.
615 3449 650 3458 -
672 3421 784 3468 Omnium
827 3423 867 3468 nia
880 3420 973 3480 adjecta
988 3438 1001 3469 a
1016 3421 1142 3485 Philippo,
1158 3421 1262 3477 Edonis,
1276 3436 1328 3483 pars

276 3503 400 3566 primum,
415 3512 460 3548 ete.
479 3500 551 3547 euni:
564 3500 668 3547 Diodor.
683 3502 710 3547 in
724 3502 783 3546 Exc.
828 3499 945 3550 Thracia.
961 3501 1071 3562 Strymon
1093 3499 1118 3546 fl.
1138 3499 1197 3547 olim
1219 3498 1329 3546 Macedo-

281 3581 382 3628 Peiresc.
395 3594 451 3645 pag.
467 3579 528 3635 314,
547 3581 611 3638 3173
627 3579 689 3626 Pint.
704 3578 783 3624 AEmil.
828 3579 894 3625 niam
914 3577 1096 3632 disterminabat
1116 3595 1130 3624 a
1147 3578 1264 3636 Thracia,
1290 3577 1330 3624 sed

281 3677 335 3724 pag.
351 3660 413 3717 370,
427 3669 451 3704 et
467 3656 785 3720 Spartian.i·1adr.eep.5,
828 3655 916 3704 deinde
935 3657 1035 3711 Nessus,
1050 3668 1179 3719 postquam
1192 3655 1330 3720 Philippus,

281 3738 324 3799 qui
333 3735 502 3784 Macedonasa
512 3737 604 3784 Catone
615 3735 705 3782 liberos
714 3735 786 3782 inisse
829 3751 914 3798 magna
928 3735 1037 3782 Thraciae
1057 3745 1125 3798 parte
1142 3745 1290 3798 expugnata,
1303 3731 1330 3780 ii-

282 3815 453 3878 pronuntiatos
473 3813 553 3862 tradit.
573 3817 602 3860 In
623 3829 672 3876 quo
693 3815 713 3860 si
727 3812 786 3878 quid
830 3832 872 3862 nes
884 3813 979 3878 imperii
991 3814 1022 3861 nd
1032 3815 1079 3861 hoe
1092 3813 1182 3860 flumen
1192 3814 1329 3877 protulerat.

255 3943 256 3946 ,
282 3895 332 3940 veri
352 3904 403 3948 est,
421 3894 496 3951 Cato,
515 3894 584 3953 eujus
606 3891 739 3954 orationem
757 3891 786 3940 de
831 3894 918 3941 Nessus
927 3891 979 3939 eliis
988 3893 1075 3940 Nestus
1084 3902 1108 3940 et
1115 3892 1191 3938 Nesus
1202 3890 1330 3939 dieitur.-

284 3972 426 4018 Meeedonia
447 3969 572 4034 liberanda
593 3970 718 4018 Priscian.'
734 3969 784 4024 111.
831 3971 874 4017 Ad
887 3971 1002 4018 orientem
1018 3987 1128 4027 versum,
1144 3969 1220 4018 scilic.
1239 3985 1325 4034 agrurn,

282 4050 340 4109 θοι,
355 4036 451 4110 landae,
462 4049 489 4096 in
507 4059 591 4097 senatu
610 4049 672 4096 hauc
691 4059 786 4098 senten·
829 4049 872 4104 τὴν
886 4049 1077 4118 spiritantia
1088 4048 1178 4119 χώραν.
1191 4048 1264 4097 Coni.
1274 4049 1326 4096 Drs-
