2982 4702
219 392 284 492 3121
297 401 341 490 231:
393 411 486 478 mn
513 410 631 478 xau.
658 409 761 477 car.
790 397 1074 481 Lv11.Lv111.'
1205 437 1253 509 99

192 555 333 630 gressus
346 531 422 628 ipse
435 553 518 600 cum
534 527 716 626 equitibus
734 553 775 600 ac
792 530 862 602 levi
880 549 1073 623 armatura,
1091 551 1128 607 et
1144 540 1253 633 Cotys

192 665 276 712 cum
300 665 344 712 eo
363 639 546 736 ducesque
571 638 723 710 aliorum
748 641 963 712 auxiliorum
984 660 1252 740 praecesserunt.

191 751 312 822 Minus
330 749 547 846 quingentos
559 771 685 846 passus
702 747 747 819 ab
764 752 886 821 castris
904 749 1069 841 aberant,
1087 779 1202 851 quum
1216 756 1253 824 in
1316 771 1322 784 “

192 853 390 957 conspectu
407 857 508 930 fuere
523 857 682 928 bostium
699 861 861 955 equites:
886 859 965 930 duae
981 861 1043 932 alae
1061 879 1163 934 erant
1179 887 1254 934 ma-

192 993 262 1066 gna
278 982 436 1068 exparte
453 967 638 1062 Gallorum
653 968 906 1065 (Cassignatus
920 968 1092 1066 praeerat³
1107 972 1139 1066 ),
1158 986 1196 1043 et
1209 973 1257 1042 le·

192 1082 247 1152 vis
270 1093 457 1154 armatum
483 1093 629 1149 centum
650 1077 726 1149 fere
748 1093 786 1150 et
803 1079 1066 1177 quinquaginta
1082 1085 1172 1177 Mysi
1196 1098 1258 1153 aut

193 1194 389 1262 Cretenses.
409 1189 577 1285 Constitit
593 1212 676 1269 rex,
701 1190 859 1259 incertus
882 1204 1058 1284 quantum
1079 1206 1172 1261 esset
1189 1192 1255 1261 ho·
1284 1241 1285 1244 ,
1358 1189 1363 1195 ’

196 1301 323 1385 stium3
346 1299 434 1372 duas
453 1297 537 1369 inde
559 1323 604 1369 ex
628 1299 768 1395 agmine
793 1313 927 1368 turmas
950 1299 1148 1387 Thracum,
1168 1301 1257 1372 duas

195 1408 458 1502 Macedonum,
487 1431 571 1478 cum
603 1405 698 1477 binis
727 1409 954 1478 Cretensium·
983 1407 1194 1480 cohortibus
1223 1425 1259 1480 et

195 1517 394 1604 Thracmn,
417 1518 523 1588 misit.
549 1515 732 1603 Praelium,
759 1540 873 1612 quum
900 1541 1003 1614 pares
1029 1543 1181 1590 numero
1206 1543 1259 1590 es-

196 1643 275 1700 sent
285 1677 298 1714 ,·
313 1651 432 1724 neque
454 1625 499 1698 ab
519 1624 586 1696 hac
604 1639 666 1696 aut
680 1625 741 1696 illa
757 1641 970 1723 parte-nova
986 1627 1114 1698 auxilia
1134 1626 1260 1699 subve-

196 1738 338 1823 nirent,
362 1738 497 1810 incerta
523 1737 670 1807 victoria
695 1733 838 1804 finitum
865 1750 928 1805 est.
953 1737 1123 1806 Eumenis
1146 1734 1260 1810 ferme

196 1849 343 1945 triginta
359 1844 555 1934 interfecti3
577 1846 671 1916 inter
686 1869 780 1941 quos
798 1845 1024 1940 Cassignatus
1045 1843 1119 1915 dux
1140 1845 1261 1915 Gallo-

197 1981 280 2030 rum
305 1957 431 2029 cecidit
451 1983 459 2025 ε
480 1971 515 2028 et
542 1969 629 2026 mne
656 1953 804 2052 quidem
831 1959 979 2026 Perseus
1001 1953 1046 2026 ad
1071 1957 1261 2052 Sycurium

198 2068 319 2166 copias
340 2065 493 2140 reduxit.
516 2070 663 2136 Postero
688 2047 748 2136 die
773 2066 866 2136 circa
892 2063 1054 2136 eamdem
1076 2064 1202 2137 horam
1223 2066 1260 2134 in

198 2177 367 2252 eumdem
395 2177 517 2248 locum
545 2199 608 2246 rex
634 2176 755 2271 copias
782 2174 959 2260 admovit,
987 2167 1155 2272 plaustris
1177 2199 1261 2245 cum

145 2337 148 2342 -
199 2311 293 2384 aqua
312 2283 557 2382 sequentibus.
581 2286 674 2356 Nam
698 2283 891 2356 duodecim
915 2284 1069 2355 millium
1091 2309 1263 2382 passuum

199 2400 257 2468 via
270 2397 388 2468 omnis
402 2395 479 2465 siue
496 2418 590 2491 aqua
604 2407 642 2466 et
653 2393 800 2490 plurimi
816 2395 973 2492 pulveris
990 2409 1083 2483 crat;
1102 2392 1264 2466 affectos-

187 2529 274 2602 -que
293 2507 351 2576 siti
360 2509 387 2592 ⁴,
410 2505 440 2576 si
456 2505 575 2602 primo
592 2505 631 2574 in
649 2519 847 2602 conspectu
864 2504 1108 2592 dimicassent,
1125 2530 1264 2604 pugna-

200 2632 301 2690 turos
319 2612 429 2688 fuisse
446 2613 652 2713 apparebat.
674 2616 795 2704 Quum
812 2617 962 2686 Romani
973 2617 1183 2713 quiessent,
1200 2631 1265 2688 sta·

201 2725 359 2798 tionibus
379 2727 485 2797 etiam
502 2726 595 2796 intra
612 2725 745 2796 vallum
763 2725 939 2814 reductis,
957 2727 1046 2824 regii
1061 2749 1210 2824 quoque
1225 2730 1263 2798 in

202 2839 316 2908 castra
339 2834 502 2906 redeunt.
527 2841 604 2907 Hoc
628 2859 694 2933 per
718 2834 856 2932 aliquot
880 2835 955 2908 dies
977 2834 1160 2921 fecerunt,
1182 2862 1265 2935 spe·

201 2960 322 3016 rantes
339 2943 434 3032 fore,
447 2960 490 3015 ut
501 2946 643 3016 romani
656 2947 794 3042 equites
807 2944 1018 3016 abeuntium
1032 2947 1265 3017 novissimum

203 3077 333 3152 agmen
361 3053 665 3152 aggrederentur:
691 3054 777 3125 inde
801 3056 996 3126 certamine
1024 3069 1125 3142 orto,
1151 3082 1266 3153 quum

203 3163 348 3260 longius
371 3189 392 3234 a
413 3163 535 3236 castris
563 3188 627 3234 eos
655 3163 881 3249 eliouissent,
909 3161 1030 3250 facile,
1056 3163 1185 3236 ubiubi
1209 3191 1264 3238 es-

204 3289 304 3362 sent,
323 3299 381 3362 se,
400 3275 464 3371 qui
482 3275 644 3371 equitatu
662 3287 699 3343 et
717 3271 786 3343 levi
801 3287 984 3362 armatura,
1000 3273 1082 3372 plus
1098 3292 1264 3374 possent,

205 3408 440 3454 conversuros
456 3407 579 3456 acrem.
998 3438 1000 3442 .

255 3497 377 3566 LVIII.
398 3499 592 3591 Postquam
612 3493 795 3590 inceptum
813 3519 889 3564 non
907 3493 1134 3581 succedebat,
1154 3513 1267 3568 castra

206 3606 357 3704 propius
381 3605 522 3696 hostem
548 3605 661 3673 movit
685 3626 777 3690 rex,
807 3618 843 3673 et
870 3629 890 3673 a
915 3605 1078 3702 quinque
1105 3603 1265 3676 millibus

243 3767 268 3815 3.
279 3760 436 3832 Cassignatus
443 3777 564 3829 praeerat,
576 3765 717 3838 Kopai-sm.
758 3774 783 3807 n.
801 3759 827 3807 6.
841 3785 875 3794 -
887 3761 1040 3822 Pugnatum
1050 3758 1144 3824 fieuse,
1161 3783 1174 3801 α
1184 3761 1264 3810 forsan

195 3863 249 3904 [τος
267 3845 334 3909 apud
352 3843 656 3909 P015b‚xxv‚4‚§6,
681 3871 716 3882 ....
755 3848 908 3902 pugnaturos
920 3853 976 3884 esse.
992 3838 1017 3884 Si
1033 3840 1132 3886 Perseus
1150 3851 1267 3890 mutasset

208 3923 273 3986 Mysi
284 3933 330 3971 aar
339 3923 473 3980 erotema,
491 3924 566 3971 immo
579 3939 611 3970 ac
622 3923 718 3970 omm-
760 3914 888 3962 consilium
905 3915 1048 3979 pugnandi,
1063 3927 1129 3965 reete
1146 3918 1267 3969 diceretur

207 4017 323 4059 serratam
334 4017 387 4074 uon
400 4011 500 4066 apparet
514 4017 558 4050 eur
569 4001 642 4050 dubie
653 4002 719 4050 dicat
759 4004 911 4060 pugnaturos
922 3993 1009 4060 fuisse·
1030 3995 1083 4043 Nec
1105 3997 1209 4047 muitum
1228 4016 1267 4048 me

208 4093 261 4130 aret.
279 4080 371 4130 Duker.
762 4085 845 4123 movet
862 4075 1017 4123 dimicassent
1026 4090 1074 4139 pro
1089 4074 1233 4134 dimicarent
1244 4099 1267 4127 u.

246 4169 269 4218 4.
282 4157 441 4224 Afflcrosque
450 4157 508 4216 siu}
519 4158 575 4207 vide
586 4160 617 4207 ed
626 4161 658 4217 V,
675 4174 719 4236 ro,
763 4155 853 4204 Duker.

1118 4267 1148 4336 7.
