2984 4706
239 359 362 466 llll:
438 382 590 450 tissa
623 381 1058 450 xmucauxxvr.
1204 396 1271 476 '217

211 501 334 597 posuit
350 515 474 572 castra
499 501 600 572 Circa
626 500 855 573 Desudabam
874 501 912 570 in
933 499 1079 570 Maedica
1097 502 1274 574 exercitus

211 609 397 681 Gallorum
423 610 652 697 consederat,
678 610 880 682 mercedem
904 624 1043 708 pactam
1068 612 1272 708 opperiens

209 724 263 790 Eo
282 721 391 791 mittit
411 724 650 818 Antigonum,
669 747 713 792 ex
726 721 932 819 purpuratis
946 745 1077 806 unum,
1091 723 1155 816 qui
1166 720 1274 816 jube-¹

209 843 285 914 ret,
303 829 569 904 multitudinem
589 830 775 902 Gallorum
804 830 848 902 ad
865 831 1032 926 Bylazora
1054 832 1222 923 (Paeoniae
1242 835 1272 904 is

208 938 328 1033 locus)
345 956 457 1012 castra
474 966 639 1028 movere,
657 943 837 1040 principes
854 942 948 1014 adse
962 941 1083 1034 venire
1099 939 1270 1038 frequen-

205 1066 270 1121 tes.
294 1053 524 1150 Septuaginta
538 1052 823 1149 quinquemillia
838 1051 884 1122 ab
898 1052 988 1122 Axio
1002 1050 1150 1124 flumine
1165 1067 1201 1123 et
1213 1077 1268 1124 ca·

206 1163 287 1233 stris
300 1164 394 1260 regis
410 1160 568 1234 aberant.
589 1168 670 1233 Haec
691 1163 857 1240 mandata
877 1161 922 1232 ad
937 1187 999 1232 eos
1017 1186 1131 1258 quum
1147 1177 1268 1258 pertu-

206 1270 301 1341 lisset
319 1273 538 1369 Antigonus,
555 1271 831 1369 adjecissetque,
850 1297 915 1370 per
935 1273 1027 1348 viam
1043 1286 1178 1368 quanta
1193 1297 1268 1342 om·

205 1379 305 1449 nium
327 1397 522 1479 praeparata
549 1407 636 1453 cura
658 1385 750 1478 regis
779 1384 883 1480 copia
907 1381 1128 1456 multitudini
1141 1379 1266 1467 ‚foret,

204 1490 410 1590 quibusque
429 1489 641 1564 muneribus
660 1494 841 1591 principes
864 1491 1117 1580 advenientes,
1139 1493 1267 1580 vestis,

202 1606 352 1698 argenti,
367 1619 620 1702 equorumque
634 1617 852 1700 excepturus
863 1626 931 1674 ,rex
944 1615 1048 1686 esset,
1059 1601 1104 1672 de
1118 1601 1173 1672 his
1189 1604 1266 1698 qui·

202 1712 284 1782 dem
311 1738 348 1785 se
374 1738 495 1785 coram
522 1716 731 1812 cognituros
755 1712 989 1811 respondent.
1018 1711 1135 1800 Illud,
1164 1714 1264 1809 quod

167 1821 171 1830 “
201 1846 359 1919 praesens
393 1826 638 1922 pepigissent,
670 1826 918 1922 interrogant,
952 1822 1084 1920 ecquid
1111 1847 1262 1910 aurum,

200 1930 302 2027 quod
322 1934 359 2002 in
378 1935 537 2030 singulos
558 1934 698 2032 pedites
718 1935 932 2030 equitesque
951 1931 1186 2017 dividendum
1208 1958 1263 2004 es-

199 2057 270 2128 set,
288 2068 410 2114 secum
429 2041 674 2117 adduxisset⁵l
693 2048 817 2134 Quum
838 2043 936 2114 adid
955 2042 1044 2113 nihil
1064 2040 1262 2139 responde-

197 2168 317 2252 retur,
336 2154 531 2226 Clondicus
548 2155 694 2252 regulus
707 2181 854 2243 eorum,
871 2155 965 2242 Abi,
979 2159 1146 2228 renuntia
1158 2178 1260 2249 ergo,

196 2263 332 2358 inquit,
355 2270 446 2359 regi,
469 2269 539 2334 πίει·
551 2291 682 2336 aurum
701 2264 914 2363 obsidesque
931 2269 1161 2362 accepissent,
1178 2289 1260 2336 nus-

195 2397 307 2468 quam
335 2374 421 2444 inde
446 2373 569 2444 Gallos
594 2373 735 2472 longius
760 2381 949 2470 vestigium
980 2389 1149 2444 moturos.
1177 2378 1260 2443 Haec
1357 2453 1359 2460 ,

194 2481 305 2553 relata
328 2485 406 2580 regi
432 2508 547 2578 quum
577 2500 717 2574 essent,
751 2485 924 2556 advocato
953 2482 1126 2569 consiliu,
1145 2506 1263 2578 quum

194 2592 283 2689 quid
305 2618 431 2665 omnes
456 2595 594 2666 suasuri
622 2609 742 2666 essent
775 2608 987 2693 appareret,
1023 2593 1121 2688 ipse,
1150 2615 1258 2687 pecu-

194 2704 261 2772 niae
285 2729 394 2799 quam
424 2707 524 2801 regni
553 2706 683 2777 melior
710 2722 850 2789 rustum
876 2706 1005 2776 institit
1021 2704 1078 2792 ¹de
1108 2702 1257 2800 perfidia

193 2827 229 2884 et
254 2812 393 2886 feritate
420 2814 606 2886 Gallorum
638 2816 821 2890 disserere,
851 2811 1051 2890 Multorum
1066 2817 1151 2908 jam
1172 2829 1257 2884 aare

191 3018 354 3059 memoratum.
367 3008 422 3058 Alia
435 3019 472 3058 ost
485 3009 599 3058 ellmonia
608 3027 650 3057 seu
659 3010 699 3061 ΛΙ-
743 3009 812 3067 nido,
824 3008 934 3056 Maedicae
947 3007 1059 3055 finitima.
1071 3007 1143 3055 Conl.
1158 3009 1254 3053 Mansa-

190 3101 249 3134 mon
269 3087 336 3151 apud
357 3088 420 3134 Ptin.
440 3088 486 3149 IV,
508 3090 522 3135 8
543 3099 588 3136 seu*
613 3089 653 3146 15,
674 3100 699 3136 et
743 3087 825 3136 cusad
836 3087 1254 3152 Harpocrat.-Bylaaora‚l’oeo-

190 3165 274 3229 steph.
288 3169 348 3230 Byz.
360 3165 490 3214 Thessaliae
502 3182 562 3231 opp.
575 3168 699 3216 Albanam
742 3167 790 3215 nica
809 3168 902 3223 locum,
921 3179 949 3215 ut
974 3165 1040 3230 apud
1058 3166 1145 3229 Polyb.
1160 3165 1192 3224 V,
1210 3181 1253 3228 97,

189 3242 255 3308 (quae
270 3245 432 3310 Albanopolis
453 3245 543 3294 dicitur
558 3248 621 3296 Ptol.
647 3249 698 3306 ΙΙΙ,
742 3241 939 3316 §1.Btlpal0c,
956 3246 1023 3305 πόλις
1040 3246 1149 3298 Ππιόνων
1168 3245 1251 3335 Eppo-

192 3323 250 3388 13),
261 3336 286 3373 et
299 3325 442 3373 Amantiam
454 3329 519 3387 conj.
530 3328 637 3375 Turneb.
647 3328 699 3378 Ad·
743 3343 785 3374 ras
801 3326 867 3390 apud
879 3326 963 3390 steph.
977 3329 1037 3390 Byr.
1048 3353 1083 3361 —
1092 3327 1252 3390 Septuaginta

188 3419 250 3450 vers.
269 3406 360 3461 XXX,
381 3408 422 3464 37.
442 3407 490 3454 Sed
510 3407 552 3454 illa
569 3423 650 3454 versas
666 3408 698 3454 si·
742 3405 850 3468 quiaque
865 3405 959 3462 millla;
972 3405 1054 3454 leucas
1070 3415 1190 3456 nostrates
1205 3405 1251 3462 25,

187 3499 246 3530 num
265 3483 391 3540 traduat,
407 3485 461 3532 haeo
480 3487 507 3533 ln
524 3487 635 3535 Orestide
652 3487 697 3535 sita
742 3501 773 3532 ex
787 3484 894 3532 Crevedi
907 3485 1088 3550 supputatione.
1099 3487 1143 3532 Eu.

186 3573 249 3619 erat,
262 3563 326 3611 eth.
341 3564 358 3612 l.
373 3564 696 3628 designatururbsinterlo·
778 3563 801 3610 5.
812 3563 911 3627 Ecquid
921 3579 1047 3612 aarum...
1070 3579 1148 3610 secum
1171 3562 1250 3614 adda-

187 3641 221 3688 ris
234 3641 385 3691 Macedoniae
395 3659 479 3692 versus
488 3645 613 3693 Thraciam
624 3647 651 3692 in
664 3647 696 3693 ri·
740 3641 833 3700 cusat,-
842 3642 899 3690 vide
913 3643 943 3690 ad
958 3645 985 3699 Ι,
999 3658 1027 3704 9,
1037 3659 1061 3690 n.
1074 3643 1098 3690 3.
1108 3641 1251 3696 Advexissot

187 3721 285 3784 psAxii
294 3722 333 3769 vel
346 3738 396 3769 non
408 3723 480 3786 longe
493 3724 551 3771 inde
564 3726 627 3782 εἰη-ς
637 3727 694 3772 Dm·
740 3723 807 3782 conj.
820 3723 930 3770 Gronov.
946 3750 981 3757 -
999 3719 1126 3768 Clondicus
1136 3720 1232 3784 regulus
1239 3739 1248 3775 ‚·
1311 3726 1317 3738 ’

186 3797 259 3848 henli.
273 3827 307 3835 —
320 3801 434 3848 Fluminis
450 3803 524 3860 Axii,
542 3799 618 3852 hodie
632 3808 694 3850 Var·
739 3799 835 3848 videad
845 3803 900 3858 XL,
914 3802 963 3860 58,
974 3817 999 3848 n.
1010 3801 1035 3847 5.
1046 3825 1081 3836 -
1094 3798 1150 3846 Nisi
1162 3815 1249 3852 auriam

187 3877 242 3927 dar.
255 3879 512 3929 En,-—Desadabam
530 3882 555 3929 ia
574 3882 694 3940 Maedica,
738 3879 880 3942 obsidesque
895 3879 1057 3943 accepissem,
1075 3879 1137 3925 forte
1151 3893 1248 3942 accepe-

186 3959 238 4006 Jac.
256 3959 366 4005 Gronov.
384 3959 477 4007 emend.
494 3960 654 4008 Dartsdabam
669 3961 693 4008 iu
738 3958 804 4016 riam
814 3962 891 4008 Gron.
905 3968 930 4006 et
940 3957 1142 4007 Creu-Institit
1154 3957 1248 4021 deper-

186 4036 273 4083 Moesr'a
282 4035 326 4101 (ita
335 4037 412 4101 Ptol.)
421 4037 460 4086 vel
469 4039 553 4101 potius
565 4039 694 4102 OEsymam
731 4041 800 4109 fidia
806 4071 868 4086 .....
891 4038 1091 4095 disserere,·‘vide
1108 4038 1138 4089 ad
1154 4039 1248 4100 XXIV,

186 4131 228 4162 seu
250 4114 375 4163 OEsimam
397 4116 422 4162 ia
445 4116 552 4166 Medica
572 4133 614 4166 seu
634 4119 695 4174 Edo·
740 4121 822 4182 ati,n.
835 4137 858 4182 y.
1302 4113 1305 4120 ¹
