2984 4706
155 445 156 448 Ν
192 331 314 449 tat:
362 364 455 431 em.
483 359 618 429 xtru
646 364 757 432 oar.
779 363 920 444 xxiv.
947 363 1067 430 xxv.
1158 325 1228 434 2⁴13

164 483 273 570 chol,
292 483 398 580 regiis
416 480 588 569 ducibus,
609 481 677 552 sub
697 483 783 578 ipsis
805 482 986 554 moenibus
1003 482 1104 554 urbis
1120 483 1228 556 collo·

163 607 300 689 quntus
324 591 457 664 fuerat'
472 597 619 689 Eropon
641 616 809 688 quoque,
832 595 990 690 quitum
1011 596 1138 666 missus
1156 611 1227 684 est,

162 702 308 776 duabus.
324 704 366 774 ad
388 703 555 774 eumdem
576 707 773 774 Eumenem
789 704 863 798 jam
885 720 967 778 ante
989 705 1227 802 legationibus

161 811 308 886 furimus
326 830 410 886 erat.
432 818 520 904 Quae
541 814 723 910 colloquia
743 815 883 886 occulta
904 830 940 885 et
957 814 1151 912 legationes
1169 819 1227 888 in·

161 923 276 996 fames·
292 924 440 1022 quidem
461 940 586 995 erant:
613 924 698 1010 sed,
714 924 802 1021 quid
819 940 937 1029 aptum
961 941 1072 1015 esset,
1092 927 1226 1023 quidve

159 1037 255 1106 inter
280 1059 381 1131 reges
405 1037 653 1121 convenisset,
672 1035 914 1135 ignorabatur.
942 1041 1011 1110 Res
1036 1052 1154 1110 autem
1178 1041 1226 1113 iu

160 1169 237 1216 sese
251 1143 388 1216 habuit.

91 1279 100 1296 ·
204 1259 314 1326 XXV.
338 1259 518 1327 Eumenes
538 1283 659 1354 neque
675 1257 760 1329 lavit
775 1260 929 1330 victoria
947 1261 1084 1345 Persei,
1106 1285 1231 1356 neque

158 1364 257 1436 bello
276 1391 360 1437 eum
376 1366 544 1438 invadere
559 1369 678 1440 animo
692 1367 841 1440 babuit¹
856 1396 866 1456 ;
886 1393 960 1438 non
975 1384 1048 1440 tam
1062 1371 1148 1465 quia
1161 1395 1224 1467 pa-

157 1491 269 1546 ternae
287 1478 385 1548 inter
400 1502 462 1548 eos
475 1479 668 1551 inimicitiae
682 1495 803 1565 erant,
824 1503 933 1576 quarn
952 1479 1115 1576 ipsorum
1132 1481 1223 1552 odiis

156 1587 252 1657 inter
271 1611 309 1658 se
332 1611 500 1674 aceensa.
521 1590 602 1658 Non
626 1613 667 1660 ea
687 1613 813 1687 regum
837 1589 1036 1678 aemulatio,
1056 1605 1097 1660 ut
1118 1615 1222 1688 aquo

157 1697 282 1767 annno
292 1700 418 1768 Persea
430 1711 545 1769 tantas
559 1697 706 1795 adipisci
716 1705 821 1797 opes,'
835 1715 1044 1798 tantamque
1057 1701 1222 1798 gloriam,

192 1871 216 1917 t.
229 1863 309 1924 Cydas
321 1863 479 1912 cretenau...
497 1864 664 1920 Antimardoe
706 1867 794 1915 Persei
797 1901 804 1924 ‚
827 1867 900 1914 verba
921 1882 971 1914 non
991 1882 1025 1912 ιω
1040 1866 1163 1913 aemuIatr'o
1186 1881 1222 1912 n-

155 1943 222 1991 eonl.
232 1959 285 2006 cap.
299 1945 343 2002 ss,
353 1955 378 1990 et
388 1943 420 1991 ad
430 1945 553 2002 XXXIII,
564 1944 590 2006 3,
598 1959 623 1992 n.
634 1945 659 1993 6.
703 1962 763 2010 gum
775 1945 880 1994 obscura
893 1955 957 1993 sunt.
972 1945 1035 1993 Nam
1047 1960 1092 1991 neo
1105 1955 1219 2009 apparot,

154 2049 190 2058 -
198 2023 300 2084 Empe-n
309 2038 418 2085 meoque,
430 2031 501 2080 uta7
510 2033 534 2069 et
544 2023 586 2071 28.
596 2027 661 2092 Ilpa·
706 2026 833 2087 quomodo
853 2024 1049 2089 precedentibus
1065 2023 1219 2082 cohaereant,

154 2106 240 2168 φῶντα
250 2101 356 2164 appellat
367 2116 424 2148 enm
431 2100 519 2165 Polyb.
530 2101 628 2164 XXIX,
637 2105 662 2159 3,

153 2179 172 2243 S
185 2182 208 2227 8.
226 2179 264 2228 Ibi
278 2179 361 2228 ReIsI.
375 2180 439 2240 conj.
449 2185 621 2248 Χαιρεφῶντα,
637 2195 662 2232 et

152 2259 308 2328 Ilpenps'aeav
318 2268 341 2306 et
349 2259 411 2306 Iorte
420 2259 508 2307 rectins
516 2263 659 2327 Ηροφῶντα·

153 2349 178 2388 at
189 2338 215 2388 h.
227 2338 247 2390 L
260 2339 338 2386 Gron.
353 2336 463 2400 Cryplton
476 2349 500 2385 et
515 2353 546 2385 ex
557 2338 660 2389 Aristot.

152 2419 230 2467 rote.
236 2421 261 2465 11
270 2452 277 2475 ,
293 2420 316 2465 8.
326 2417 474 2481 Euryplron,
487 2429 511 2465 et
520 2417 611 2466 Duker.
619 2419 663 2466 AE·

152 2515 226 2562 ropus
239 2499 294 2546 eoll.
305 2498 423 2556 mn..
431 2499 478 2555 32,
492 2499 599 2555 XXIX,
614 2513 661 2556 ια,

151 2579 261 2642 Polynn.
272 2581 344 2626 snat.
354 2578 399 2636 IV,
416 2593 444 2634 1,
465 2577 480 2642 S
500 2578 526 2634 ὃς
539 2578 615 2626 Pet-ln.
630 2578 664 2628 ad

151 2659 239 2708 AElian.
249 2659 308 2705 Var.
320 2659 384 2707 illst.
398 2659 465 2716 ΠΙ,
479 2658 511 2714 43
522 2667 566 2716 ,et
579 2657 661 2724 intpp.

151 2739 242 2787 Instin-¹
251 2739 316 2796 VII,
328 2754 357 2786 a..

186 2819 245 2866 cen.
254 2817 375 2866 XXV'..1.
384 2817 506 2863 Eumenes
513 2815 668 2881 nequesavit

150 2896 268 2945 victoriae·
279 2894 373 2954 Pemer',
390 2909 469 2958 neque
480 2895 608 2942 bellosam
621 2893 662 2940 in-

150 2977 239 3024 vadere
249 2975 332 3026 animo
345 2974 446 3030 habuit,
458 2972 484 3020 h,
496 2990 518 3020 e.
527 2972 554 3018 in
564 2971 660 3030 anim03

149 3057 200 3102 vid.
209 3057 286 3104 Gron.
296 3065 320 3102 et
329 3053 404 3102 Det.
413 3051 479 3100 atta.
488 3051 506 3098 l.
517 3061 541 3098 et
549 3051 617 3099 Gort.
629 3050 660 3097 ad

150 3135 247 3182 Sallust.
260 3135 318 3196 Jug.
331 3149 370 3180 11.
384 3134 433 3178 «In
448 3130 529 3178 verbis
540 3145 609 3193 seqq.
622 3129 661 3176 Li-

148 3215 323 3269 messanum,
337 3227 381 3259 our
393 3226 445 3258 non
455 3209 560 3257 voluerit
573 3209 660 3256 Eume·

149 3310 205 3354 nes,
220 3294 303 3342 Persea
312 3291 432 3340 victorem
439 3287 659 3352 esse,exsequimr

148 3388 226 3434 usqne
243 3370 276 3420 ad
290 3371 362 3420 verbe
377 3370 495 3418 Cernebat
509 3380 533 3418 et
550 3372 659 3416 Persea.-

147 3469 162 3498 a
179 3451 268 3514 quibus
283 3449 370 3513 incipit
390 3464 525 3513 exponere,
544 3463 587 3496 cur
603 3463 657 3494 enm

147 3530 214 3578 bello
234 3529 348 3580 invadere
361 3528 392 3576 in
405 3527 487 3576 animo
503 3543 554 3576 non
566 3525 658 3574 hebue-

145 3610 189 3657 rit.
200 3612 229 3659 In
239 3610 285 3657 hat
297 3607 434 3658 narratione
446 3607 527 3654 omnia
537 3605 594 3654 satis
602 3622 657 3670 per·

146 3691 230 3752 spicue
242 3698 315 3743 sunt,
327 3697 351 3734 et
362 3685 513 3734 smnmahtm
525 3683 601 3745 redit,
609 3685 657 3732 Eu·

145 3783 241 3815 menen·
250 3765 354 3812 inbiasse
363 3763 490 3826 pecuniae,
502 3774 526 3812 et
537 3780 658 3830 sperasse,

146 3865 172 3895 se
181 3863 241 3911 pace
250 3847 314 3892 Inter
320 3847 445 3891 Romanos
453 3855 477 3891 et
484 3845 569 3890 Persea
576 3844 657 3890 conci·-

146 3925 229 3974 lianda
243 3924 274 3971 ab
292 3923 339 3971 hoo
359 3933 432 3986 capnt
452 3924 549 3994 unctius
568 3923 657 3970 relatu-

145 4021 207 4052 rum.
218 4003 265 4050 Sed
276 4004 352 4060 inea,
364 4017 419 4065 quae
429 4017 524 4048 causam
534 4001 656 4058 continet,

145 4101 189 4130 our
217 4083 335 4132 Eumenes
366 4097 419 4132 uon
442 4081 526 4131 laverit
549 4079 657 4130 victorie

705 2119 751 2150 neo
761 2103 821 2168 quid
831 2104 870 2163 sit,
877 2102 946 2166 quod
955 2119 1004 2151 non
1015 2118 1044 2149 ea
1052 2118 1135 2168 regum
1143 2120 1219 2152 oemu·

708 2183 768 2230 latio
780 2184 853 2232 inisse
864 2183 964 2237 dicitur.
975 2192 1002 2230 ut
1015 2185 1134 2230 Eumenes
1147 2199 1219 2251 aeqno

706 2263 788 2310 animo
802 2264 896 2311 visurus
907 2262 993 2319 fuerit,
1004 2263 1088 2309 Persea
1099 2262 1218 2310 Romanis

707 2343 780 2392 victis
789 2359 888 2406 magnas
898 2357 958 2405 opes
974 2341 1086 2406 adipisci.
1100 2343 1163 2392 Nem
1176 2341 1216 2392 illa

705 2423 757 2484 ipsa
771 2421 893 2471 emulatio
907 2430 971 2479 erat,
981 2437 1024 2468 cur
1038 2423 1155 2468 Eumenes
1165 2437 1217 2468 non

705 2501 797 2548 lateret
811 2499 920 2548 vletoriae
933 2501 1021 2548 Persei
1041 2499 1106 2546 Mihi
1119 2499 1218 2548 videtne

706 2579 790 2630 Livius
812 2578 919 2639 dixisse,
939 2579 1089 2644 praecipuam
1105 2595 1214 2637 eausam,

707 2675 751 2706 eur
764 2660 883 2705 Eumenes
895 2673 946 2707 non
958 2657 1078 2714 voluerit,
1090 2660 1219 2710 Romanos

706 2755 719 2784 a
735 2741 823 2784 Perseo
842 2736 922 2793 vinci,
937 2735 1010 2782 luisse
1026 2737 1135 2798 ipsorum
1152 2736 1220 2783 inter·

706 2832 732 2863 se
749 2816 934 2866 emulationem.
951 2815 1015 2862 Tum
1032 2814 1078 2876 leg.
1094 2829 1148 2860 nou·
1165 2825 1215 2860 tam

706 2895 766 2960 quia
783 2905 897 2958 patema:
927 2893 991 2958 inter.
1019 2908 1060 2939 eos
1083 2890 1216 2939 inimicitie

705 2987 789 3032 amnt,
808 2973 883 3022 etiam
906 2973 1012 3036 ursorum
1030 2971 1093 3018 odiis
1111 2970 1174 3018 inter
1190 2987 1218 3018 se

704 3069 829 3110 aeomsoe,
846 3068 922 3116 quarn
939 3051 1019 3115 (qnia
1037 3049 1110 3113 erat)
1128 3064 1159 3096 ea
1180 3066 1215 3096 re·

701 3149 760 3196 gum
767 3130 891 3180 aemrtlatr'o
899 3129 991 3179 ·.1)uk.
998 3129 1092 3176 Minori
1099 3127 1216 3175 mutatio-

703 3226 735 3258 ne
751 3211 799 3274 legi
813 3211 875 3260 forte
889 3210 969 3276 possit
982 3225 1031 3255 non
1048 3219 1100 3256 tam
1111 3207 1209 3270 quia...

704 3301 792 3346 erant„
806 3305 897 3354 quam,
914 3288 1020 3353 Ipsorum
1034 3286 1097 3334 odiis
1115 3286 1178 3334 inter
1189 3304 1215 3334 se

703 3369 827 3425 aeternis,
837 3384 943 3424 nonen,
957 3377 1004 3416 etc.
1015 3365 1090 3414 Drak.
1103 3394 1136 3403 —
1149 3368 1214 3414 Doe-

702 3449 766 3512 ring.
774 3459 832 3496 nota
843 3447 894 3494 haec
905 3457 955 3494 est:
964 3469 976 3487 α
987 3445 1013 3494 Si
1023 3456 1155 3493 statuamus
1165 3462 1215 3497 om·

701 3545 757 3575 nem
770 3527 842 3589 hujus
855 3525 906 3574 loci
918 3525 1117 3590 depravationem
1131 3523 1212 3572 edua·

702 3608 748 3655 bus
757 3606 883 3671 partiouIIs
895 3621 970 3669 quam
984 3615 1008 3652 et
1024 3620 1072 3650 non
1083 3639 1091 3659 ,
1103 3603 1213 3654 librario·

701 3703 759 3738 rum
776 3685 849 3748 culpa
870 3684 927 3731 loco
953 3698 999 3729 sno
1023 3683 1108 3738 motis,
1132 3692 1212 3730 ortum

702 3782 769 3821 esse,
786 3764 865 3812 omnis
885 3761 1037 3810 difficultatis
1057 3776 1145 3824 expers
1168 3761 1213 3808 erit

702 3845 786 3902 loeus,
800 3844 833 3893 ita
847 3840 1009 3890 constitutus:
1024 3841 1143 3886 Eumenes
1149 3874 1208 3887 .....

701 3923 784 3970 animo
799 3920 902 3975 habaiu
917 3935 966 3966 noa
985 3929 1037 3964 tam
1050 3916 1148 3980 quia...
1168 3915 1213 3964 im·-

701 4001 800 4048 mr'citr'cn
811 4009 896 4054 erant,
916 3997 1023 4060 pronam
1036 3995 1099 4042 odiis
1112 3984 1176 4043 inter
1187 4013 1212 4042 se

701 4095 809 4128 aecensce
818 4114 825 4136 ‚
842 4093 916 4142 qnam
931 4075 1021 4144 (quia)
1031 4091 1061 4122 ea
1071 4073 1150 4138 (talis,
1160 4086 1213 4122 tan⁴
