2976 4712
674 357 912 428 EPITOMAE

421 589 423 596 '
507 592 734 662 EPITOME
764 593 904 661 LIBRI
935 588 1073 658 XLIV.

310 809 353 895 Q.
380 789 534 875 Marcius
558 801 744 899 Philippus
768 825 835 898 per
856 801 971 870 invios
993 795 1103 870 saltus
1123 797 1321 898 penetravit

263 917 299 986 in
315 913 563 986 Macedoniam
574 967 585 1000 ,
598 911 875 1009 compluresque
891 907 1000 981 urbes
1014 910 1214 1007 occupavit.
1230 905 1321 978 Rho-

261 1021 310 1092 dii
319 1022 447 1093 misere
462 1020 595 1118 legatos
607 1025 774 1107 Romam,
788 1021 981 1106 minantes,
997 1043 1034 1090 se
1048 1023 1179 1090 Perseo
1192 1017 1323 1089 auxilio

152 1217 153 1220 Ἴ
260 1130 421 1218 futuros,
443 1132 511 1203 nisi
533 1125 882 1228 populus'romanus
898 1152 982 1201 cum
1004 1155 1048 1200 eo
1068 1153 1195 1227 pacem
1215 1143 1322 1225 atque

261 1241 452 1324 amicitiam
468 1241 636 1338 jungeret
650 1251 673 1310 ¹.
695 1238 845 1338 Indigno
863 1239 901 1311 id
917 1239 1039 1310 latum.
1058 1242 1182 1328 Quum
1196 1237 1234 1308 id
1249 1237 1321 1308 bel-

260 1349 335 1421 lum
349 1355 388 1421 L.
400 1349 539 1419 AEmilio
555 1348 703 1438 Paullo,
718 1350 903 1446 sequentis
916 1349 1002 1421 anni
1018 1345 1159 1420 consuli
1173 1349 1321 1435 iterum,

261 1459 471 1530 mandatum
484 1474 596 1544 esset,
615 1452 778 1547 Paullus,
794 1459 832 1559 in
849 1460 1024 1529 concione
1042 1471 1208 1556 precatus
1219 1466 1247 1541 ²,
1265 1468 1324 1543 ut,

261 1566 440 1667 quidquid
457 1568 525 1639 diri
544 1568 682 1668 populo
701 1591 851 1639 romano
870 1568 1095 1655 immineret,
1118 1569 1156 1637 in
1174 1565 1323 1637 domum

261 1704 361 1752 suam
378 1689 662 1768 converteretur,
677 1692 713 1749 et
730 1681 769 1748 in
784 1676 1031 1748 Macedoniam
1048 1674 1256 1776 proiectus,
1275 1677 1324 1745 vi·

261 1790 310 1860 cit
326 1793 478 1872 Persen,
502 1801 689 1884 totamque
706 1787 953 1858 Macedoniam
972 1788 1010 1857 in
1026 1799 1245 1885 potestatem
1267 1810 1324 1855 re·

261 1899 367 1995 degit.
387 1903 590 1994 Antequam
608 1897 838 1994 confligeret,
860 1901 899 1968 C.
912 1897 1098 1997 ,Sulpicius
1119 1896 1244 1968 Gallus
1266 1897 1324 1966 tri·

260 2007 382 2080 hunus
395 2007 550 2077 militum
563 2007 727 2104 praedixit
740 2007 931 2093 exercitui,
946 2031 992 2077 ne
1007 2007 1210 2091 miraretur,
1225 2003 1325 2101 quod

259 2113 345 2185 luna
366 2129 472 2186 nocte
493 2117 658 2215 proxima
676 2114 861 2187 defectura
880 2130 983 2208 esset.
1006 2117 1162 2196 Gentius,
1177 2139 1325 2211 quoque

257 2248 322 2296 rex
340 2222 564 2322 lllyriorum,
588 2249 703 2322 quum
724 2224 950 2314 rebellasset,
968 2225 1013 2297 ab
1028 2226 1155 2298 Anicio
1173 2238 1325 2322 praetore

161 2337 163 2341 ’
260 2334 394 2421 victus,
413 2335 510 2405 venit
529 2336 566 2418 in
591 2333 832 2422 deditionem,
854 2351 996 2408 etcum
1018 2345 1190 2408 urore'et
1206 2334 1327 2406 liberis

260 2457 297 2514 et
316 2444 530 2541 propinquis
547 2450 696 2516 Romam
715 2446 844 2518 missus
862 2461 926 2517 est.
945 2445 1165 2528 Alexandria
1180 2443 1288 2543 legati
1306 2469 1326 2514 a

155 2621 157 2630 ,
260 2553 451 2651 Cleopatra
476 2569 512 2625 et
534 2555 727 2626 Ptolemaeo
747 2555 894 2655 regibus
913 2570 1111 2645 venerunt,
1133 2568 1326 2653 querentes

260 2663 305 2736 de
331 2663 510 2735 Antiocho
535 2689 618 2762 rege
645 2667 773 2762 Syriae,
798 2667 900 2763 quod
926 2667 984 2737 his
1005 2663 1144 2737 bellum
1163 2662 1324 2736 inferret.

261 2780 406 2861 Perses,
425 2774 619 2849 sollicitatis
638 2777 676 2846 in
695 2775 868 2848 auxilium
885 2782 1047 2850 Eumene
1065 2799 1150 2872 rege
1166 2775 1326 2872 Pergami

260 2900 298 2956 et
314 2887 445 2956 Gentio
463 2909 548 2983 rege
567 2885 792 2982 Illyriorum,
811 2887 896 2981 quia
914 2885 970 2956 his
989 2887 1195 2983 pecuniam,
1217 2905 1326 2980 quam

260 2995 489 3093 promiserat,
512 3017 587 3064 non
607 2993 732 3082 dabat,
751 2993 796 3066 ab
818 2995 861 3067 iis
877 2997 1026 3067 relictus
1043 3009 1098 3066 est
1110 2991 1135 3063 ³.

295 3174 769 3224 Em.x1.1v.1.t1inaneesse1³erseo
850 3192 875 3225 a.
893 3177 992 3226 Paullus
1014 3179 1040 3224 r'n
1059 3175 1177 3225 concione
1191 3187 1326 3242 precatus,

262 3251 475 3318 auxiliofirturos,
488 3252 647 3317 sisipopulus
656 3269 770 3302 rotmanus
814 3267 862 3306 stc.
872 3255 948 3304 immo
959 3255 1058 3304 Paullus
1067 3254 1120 3302 hare
1133 3255 1231 3302 demum
1242 3270 1328 3318 prees*

261 3347 315 3378 cum
325 3347 354 3378 eo
364 3321 452 3395 pacem
462 3342 536 3394 atque
547 3331 772 3398 aoricitiamjunge-
814 3345 854 3383 tus
870 3345 907 3383 est
925 3335 953 3381 in
971 3333 1082 3384 orations
1098 3344 1156 3398 post
1175 3332 1326 3398 triumphum

262 3422 316 3467 ret,-
328 3405 380 3462 lraec
394 3421 431 3458 est
446 3411 517 3458 unius
531 3410 647 3459 codicisa
660 3413 771 3460 Gronov.
814 3412 908 3472 habitae
918 3412 985 3460 coni.
997 3413 1076 3472 nv,
1087 3419 1116 3467 ἀι
1125 3428 1134 3470 ;
1142 3411 1200 3461 val.
1213 3412 1282 3459 Max.
1292 3413 1326 3468 V,

262 3489 366 3554 inspecti
377 3491 496 3553 scriptura
505 3505 512 3548 ;
521 3505 576 3552 quse
585 3506 661 3554 quum
670 3490 770 3556 expedi·
817 3507 861 3550 ιο,
870 3489 887 3554 s
896 3507 922 3551 a,
931 3501 956 3542 et
966 3493 1042 3540 Perit.
1053 3491 1135 3540 Anim.
1147 3492 1210 3539 llist.
1223 3506 1282 3556 cap.
1292 3506 1309 3553 9
1319 3525 1329 3548 ,

262 3568 353 3616 tissima
370 3570 414 3626 sit,
425 3568 535 3616 Clericus
552 3584 603 3615 eam
619 3569 646 3616 in
663 3569 771 3618 editione
813 3586 869 3636 pag.
883 3569 943 3630 375.

263 3664 306 3695 sua
325 3647 516 3711 representavit,
530 3647 612 3710 quod,
626 3649 678 3710 ejus
689 3663 769 3695 uem-
851 3649 876 3700 3.
890 3647 929 3694 Ab
948 3647 978 3694 iis
995 3646 1090 3695 relictus
1108 3657 1163 3694 cst:
1174 3645 1223 3693 hoo
1236 3645 1267 3694 de
1283 3647 1328 3694 Eu-

263 3727 319 3792 plo,
336 3725 419 3773 itidem
437 3726 513 3774 secere
525 3725 596 3772 coev.
612 3737 636 3774 et
647 3725 770 3774 Drakeub.
815 3742 883 3775 mene
893 3737 917 3774 et
925 3726 1002 3774 Gallis
1010 3742 1094 3774 verum
1103 3735 1214 3785 est,non
1224 3724 1255 3772 de
1265 3725 1329 3772 Gen-

263 3806 293 3851 ln
306 3805 400 3868 vulgata
412 3805 516 3853 lectione
529 3803 623 3866 aliquid
633 3817 684 3853 erat
695 3804 768 3852 vitii:
815 3806 863 3864 tio,
882 3821 954 3868 quem
973 3803 1065 3852 victum
1081 3803 1107 3851 iu
1126 3801 1275 3850 deditionem
1289 3820 1327 3850 ve-

264 3881 393 3938 minaures,
416 3895 443 3930 nr
459 3887 546 3931 Perseo
564 3896 639 3932 essert
658 3884 769 3941 auxilio,
816 3884 877 3932 nisse
891 3885 970 3948 paulo,
982 3893 1038 3930 aute
1057 3894 1120 3934 recte
1133 3883 1231 3948 scripsit
1249 3884 1328 3946 epito-

263 3959 310 4006 nisi
320 3977 377 4024 pop.
389 3951 709 4028 romanus...conj'ungerct.
725 3965 771 4016 Eu.
817 3973 894 4012 mator
907 3961 1078 4024 noste13Duls.
