2984 4706
198 371 320 478 2:232:
405 394 497 460 Lus.
521 392 654 460 κων.
681 393 786 459 esp.
813 394 912 464 xlx.
942 397 1022 462 xx.
1163 394 1231 466 205
1322 445 1324 448 -

171 520 208 582 iu
230 512 448 582 Antiochum
459 506 569 596 ,eam
588 510 692 606 apud
706 493 830 581 omues
847 537 945 608 reges
960 530 1155 612 gentesque
1173 543 1236 587 au-

172 627 369 692 ctoritatem
387 640 487 706 esse,
512 636 566 706 ut,
589 626 622 690 si
641 619 774 716 legatos
795 625 988 709 misissent,
1011 630 1077 720 qui
1096 625 1237 695 denua-

172 737 317 816 tiareat,
348 755 420 800 noa
436 729 588 827 placore
614 737 775 816 senatui,
802 737 907 801 sociis
936 733 1077 828 regibus
1104 734 1237 806 bellum

160 841 271 935 fieri,
296 839 475 936 extemplo
496 838 724 910 abscessurus
742 865 767 909 a
786 840 963 912 moenibus
975 841 1235 930 Alexandrioe,
1259 861 1277 894 ¹

172 949 463 1046 abducturusque
490 954 685 1019 exercitum
711 954 748 1018 ia
774 952 916 1042 Syriam
943 967 1041 1020 esset.
1073 954 1185 1042 Quod
1206 960 1239 1024 si

172 1076 382 1132 cunctemur
391 1060 541 1150 facere,
569 1059 666 1128 brevi
685 1075 843 1130 extorres
867 1083 977 1154 reguo
999 1060 1236 1133 Ptolemaeum

172 1185 210 1240 et
217 1171 445 1266 Cleopatram
458 1173 612 1240 Romam
623 1185 812 1256 uenturos,
828 1193 909 1240 cum
915 1170 1063 1265 pudore
1075 1174 1237 1268 quodam

164 1283 472 1379 populiromaui,
492 1281 593 1377 quod
613 1278 752 1350 nullam
778 1303 883 1374 opem
908 1285 945 1350 ia
970 1282 1094 1351 ultimo
1112 1283 1236 1354 discri-

174 1387 1239 1486 mirtesortuuarumtuli'ssent.MotiPatresprecibusAlexan-

173 1497 381 1585 drinorum,
398 1498 580 1596 extemplo
595 1503 633 1569 C.
650 1497 842 1594 Popillium
861 1503 1038 1570 Laenatem
1055 1516 1091 1570 et
1108 1505 1146 1571 C.
1165 1507 1238 1574 De·

174 1608 320 1678 cimium
342 1624 378 1678 et
400 1611 438 1678 C.
464 1609 654 1678 Hostilium
673 1609 837 1704 legatos,
851 1607 897 1678 ad
921 1607 1120 1680 finiendum
1146 1614 1239 1683 inter

173 1741 275 1813 reges
289 1716 449 1803 bellum,
466 1719 653 1788 miserunt.
673 1719 774 1799 Prius
793 1716 1030 1804 Antiochum,
1052 1718 1135 1790 dein
1155 1725 1237 1792 Pto·

175 1827 339 1898 lemaeum
358 1825 455 1898 adire
469 1828 578 1922 jussi,
598 1843 634 1898 et
649 1827 835 1914 nuntiare-3
855 1828 893 1896 ni
914 1825 1103 1898 absistatur
1119 1827 1238 1916 bello,

174 1961 247 2035 per·
264 1952 386 2008 utrum
415 1931 603 2025 stetisset&
629 1961 712 2009 eum
731 1961 806 2005 non
832 1960 900 2032 pro
924 1937 1061 2023 amico,
1081 1961 1148 2008 noc
1170 1962 1237 2035 pro

175 2049 274 2118 socio
294 2045 479 2118 habituros
498 2071 585 2117 esse,

222 2161 300 2228 XX.
326 2159 388 2226 His
411 2157 504 2227 intra
527 2155 688 2226 triduum
713 2157 819 2228 simul
841 2180 925 2228 cum
947 2156 1069 2254 legatis
1089 2143 1256 2230 Alexanss

174 2267 288 2338 drinis
307 2265 493 2363 profectis,
513 2266 618 2363 legati
637 2291 681 2336 ex
699 2265 929 2339 Macedonio¹
952 2267 1240 2364 Quinquatribus

176 2377 310 2451 ultimis
329 2376 418 2448 adeo
438 2378 630 2473 exspectati
648 2392 842 2462 venerunt,
862 2377 934 2478 uti,
958 2378 1027 2448 nisi
1044 2401 1169 2476 vesper
1188 2404 1239 2450 es-

110 2567 116 2578 ,
176 2502 253 2573 set,
285 2485 465 2582 extemplo
500 2500 661 2556 senatum
700 2487 861 2556 vocaturi
894 2485 1060 2560 co‘nsules
1093 2485 1237 2560 tuerint.

150 2581 161 2592 ’
176 2601 324 2668 Postero
338 2595 395 2666 die
409 2609 552 2666 senatus
566 2593 652 2682 tuit,
668 2596 845 2693 legatique
863 2595 975 2667 auditi
989 2613 1082 2668 sunt.
1100 2599 1130 2666 li
1145 2624 1239 2668 nun-

176 2708 287 2792 tiant,
309 2705 451 2798 Majore
463 2704 652 2802 periculo,
679 2731 791 2802 quam
821 2705 1077 2790 emolumento,
1103 2714 1239 2778 exerci-

177 2831 252 2884 tum
262 2838 333 2911 per
346 2816 456 2884 invios
473 2815 585 2884 saltus
603 2820 641 2883 ia
659 2815 916 2885 Macedoniam
940 2815 1136 2894 inductum,
1155 2823 1239 2886 Pie-

176 2930 287 3010 riam,
307 2947 380 3020 quo
393 2928 655 3019 processissee,
679 2948 797 3018 regem
818 2923 960 2994 tenere:
983 2940 1100 2994 castra
1119 2933 1242 2998 castris

168 3059 289 3132 prope
310 3040 361 3104 ita
386 3032 516 3103 coliata
541 3055 635 3130 esse,
663 3049 704 3102 ut
711 3035 874 3129 flumine
895 3037 1036 3130 Enipeo
1060 3037 1240 3126 interjecto

177 3138 384 3230 arceantur,
403 3136 520 3240 aeque
536 3167 654 3256 regem
664 3143 862 3241 pugnandi
870 3159 1088 3240 potestatem
1090 3147 1239 3233 facere,

178 3279 243 3324 uec
266 3260 392 3345 uostris
420 3258 500 3323 uim
523 3252 576 3322 ad
598 3253 797 3348 cogendum
823 3277 909 3323 esse.
926 3257 1106 3323 *Hiemem
1133 3262 1241 3327 ettam

178 3390 345 3462 asperam
366 3363 472 3434 rebus
492 3365 659 3460 gerendis
679 3369 922 3449 intervenisse,
948 3369 985 3434 ia
1004 3370 1076 3434 otio
1095 3369 1241 3438 militem

177 3475 247 3561 ali,
267 3500 332 3545 uec
342 3474 431 3572 pius
449 3501 561 3572 quam
577 3475 682 3545 sea**
691 3476 922 3566 fiumentum
940 3472 1107 3545 habere.
1124 3483 1243 3548 Mace·

178 3587 315 3656 dorium
329 3586 402 3655 dici
414 3591 548 3680 triginti
555 3584 669 3668 millia
678 3599 902 3654 armatorum
911 3609 999 3672 esse„
1007 3587 1047 3654 Si
1054 3589 1126 3682 Ap.
1140 3586 1243 3658 Clau·

213 3753 238 3798 6.
247 3741 296 3798 Per
305 3761 385 3797 utrum
399 3714 514 3807 stetisset,
530 3759 576 3797 eto.
587 3750 644 3798 vide
656 3749 686 3797 ad
767 3765 791 3798 o.
806 3749 929 3806 Pieriam,
943 3767 991 3814 quo
1003 3751 1173 3814 processisset,
1192 3765 1239 3802 etc.

177 3831 314 3889 11,31,n.
332 3845 356 3889 7.
446 3881 454 3892 ἱ
676 3845 678 3850 ·
731 3828 781 3877 vid.
794 3845 925 3893 cap.9,n.
938 3831 961 3876 8.

213 3909 274 3958 Cur.
288 3910 348 3957 XX.
371 3925 393 3956 1.
411 3907 499 3972 legati
516 3923 548 3954 ex
571 3905 687 3954 Macedo·
767 3909 791 3955 3.
806 3908 856 3954 Nec
865 3909 923 3972 plus
937 3919 1012 3972 quam
1029 3923 1073 3954 seu
1087 3908 1244 3976 dierumfru·

178 3988 260 4035 nia...
284 3999 422 4043 veneratum
435 3987 501 4036 conf.
521 3986 553 4032 ad
570 4001 623 4051 cap.
648 3987 686 4033 18.
732 3997 836 4034 meatum
855 3985 1007 4043 baber03ita
1020 3987 1129 4034 lacunam
1143 3990 1243 4054 explent

180 4093 214 4104 -
224 4059 415 4130 Quinquatribus
426 4064 515 4113 ultimis
524 4083 534 4122 ;
544 4063 601 4111 virle
611 4063 641 4110 ad
652 4065 688 4120 11,
733 4066 833 4128 Sigon„
849 4066 926 4114 Gron.
939 4075 964 4113 et
976 4066 1073 4114 Crever.
1082 4067 1173 4115 Verum
1187 4081 1242 4118 utut

181 4160 211 4190 αι
225 4180 232 4206 ,
245 4161 270 4192 n.
287 4161 309 4205 ι,
322 4157 346 4193 et
359 4147 459 4203 XXVI,
470 4147 512 4205 2'7,
522 4157 547 4190 n.
562 4159 582 4192 1.
733 4143 815 4192 omnia
834 4144 945 4192 minuant
956 4144 1041 4208 legati,
1057 4145 1097 4194 vix
1111 4157 1191 4195 tamen
1202 4155 1243 4194 νεὶ
