2972 4720
271 352 315 425 52
424 379 427 386 ι
494 393 497 402 ·
585 399 587 404 .
691 351 899 419 nnrvn
1180 327 1302 434 &32:313

268 499 378 572 qnam
396 471 465 544 sub
483 495 587 569 rege,
606 469 760 541 malebat
782 475 882 544 esse:
909 470 939 540 si
957 461 1110 541 liberum
1129 471 1215 544 inde
1231 473 1330 544 arbi-

266 587 379 657 trium
404 580 557 653 fortunae
581 595 692 668 esset,
722 596 885 656 neutram
909 594 1047 677 partem
1071 579 1241 654 volebant
1260 607 1330 680 po-

265 696 474 779 tentiorem,
490 690 604 762 ‘altera
621 714 811 787 oppressa,
830 688 929 777 fieri3
946 688 1030 776 sed,
1050 689 1192 762 illibatis
1208 696 1330 789 potius

266 803 404 874 viribus
421 802 607 896 utriusque
626 801 751 896 partis,
768 823 894 897 pacem
909 824 954 870 ex
971 824 1016 870 eo
1034 823 1187 872 manere.
1208 807 1261 874 Ita
1277 805 1331 872 in-

267 930 323 986 ter
346 928 520 1009 utrosque
543 910 726 1007 optimam
741 908 984 980 conditionem
1009 909 1206 980 civitatium
1225 909 1327 998 fore,

269 1037 479 1122 protegente
497 1019 609 1092 altero
633 1042 774 1116 semper
794 1021 939 1118 inopem
957 1017 1003 1088 ab
1026 1019 1169 1093 alterius
1187 1000 1343 1115 injuria..

267 1141 350 1206 Haec
376 1133 567 1204 sentientes
590 1129 785 1201 certamina
807 1127 989 1200 fautorum
1008 1131 1329 1228 utriusquepartis

265 1233 363 1316 taciti
378 1269 422 1314 ex
439 1257 519 1312 tuto
537 1237 756 1337 spectabant.
773 1237 967 1326 Consules,
982 1237 1130 1334 quodie
1146 1240 1327 1336 magistra·

265 1370 343 1428 tum
359 1353 540 1437 inierunt,
562 1373 608 1420 ex
631 1347 939 1420 senatusconsulto
961 1371 1076 1444 quum
1099 1349 1191 1420 circa
1208 1352 1329 1422 omnia

264 1455 373 1551 fana,
393 1464 431 1532 in
456 1458 599 1557 quibus*
615 1457 869 1538 lectisternium
896 1458 1225 1554 majorem-partem
1243 1461 1327 1530 anni

265 1600 341 1646 csse
356 1573 466 1658 solet,
481 1565 677 1664 majoribus
692 1565 818 1638 hostiis
829 1565 1093 1653 immolassent,
1107 1564 1191 1637 inde
1205 1591 1329 1664 preces

265 1709 346 1756 suas
370 1696 531 1778 acceptas
558 1677 604 1748 ab
631 1677 698 1748 diis
721 1674 982 1748 immortalibus
1003 1676 1328 1761 ominati‚-senatui

264 1797 331 1865 rite
367 1789 602 1863 sacrificatum
637 1789 954 1884 precationemque
987 1784 1032 1858 de
1069 1785 1167 1857 bello
1200 1785 1328 1858 facum

263 1900 516 1974 renuntiarunt
526 1893 551 1964 ⁵.
577 1899 790 1992 Haruspices
814 1898 863 1966 ita
887 1895 1172 1992 responderunt,
1190 1897 1332 1992 siquid

265 2016 319 2080 rei
328 2031 431 2078 noroe
443 2010 665 2100 inciperetur,
683 2005 723 2073 id
733 2004 991 2074 maturandum
1009 2029 1094 2075 esse.
1115 2011 1326 2092 Victon'am,

265 2116 813 2214 triumphum,prorogutionem
832 2117 974 2209 imperii
982 2115 1166 2210 portendi.
1186 2119 1327 2200 Patres,

265 2227 542 2328 quodfaustum
552 2222 725 2317 filiaeque
733 2223 877 2319 populo
900 2246 1052 2293 romano
1075 2239 1181 2310 esset,
1204 2240 1328 2294 centu-

265 2344 366 2409 riatis
390 2337 542 2405 comitiis
554 2336 681 2428 primo
702 2355 849 2428 quoque
873 2332 933 2401 die
947 2332 1057 2422 ferre
1081 2333 1135 2402 ad
1142 2333 1327 2430 populum

265 2445 448 2529 consules,
473 2445 677 2537 jusserunt,
702 2457 760 2528 ut,
785 2442 888 2540 quod
906 2446 1078 2528 Perseus,
1104 2443 1264 2541 Philippi
1271 2447 1326 2540 fi

266 2559 357 2663 lius,
386 2552 631 2624 Macedonum
657 2575 742 2637 rex,
773 2551 943 2621 adversus
958 2553 1086 2642 foedus
1113 2576 1195 2623 cum
1215 2569 1329 2649 putre

266 2665 439 2762 Philippo
465 2667 593 2746 ictum,
616 2676 652 2731 et
672 2679 793 2734 secum
806 2677 1063 2758 postmortem
1083 2664 1160 2757 ejus
1180 2687 1327 2734 renora-

265 2900 377 2949 Libemm
394 2898 468 2952 inde,
484 2896 548 2943 lorte
564 2893 664 2942 liberum
681 2905 772 2954 antem,
817 2892 852 2942 les
863 2894 975 2944 (licam
987 2911 1020 2944 ex
1032 2895 1244 2944 senatusconsulto
1262 2895 1327 2942 circs

264 3008 299 3018 -
313 2977 418 3027 Illiban's
436 2974 529 3024 uiribus
553 2972 677 3037 utriusque
692 2973 774 3036 partis
817 2973 969 3022 omisissent
991 2975 1121 3041 majoribus
1137 2973 1226 3022 hostiis
1243 2974 1327 3020 immo

265 3060 333 3126 (vide
342 3058 373 3108 sd
383 3059 430 3116 111,
443 3057 487 3114 cr,
499 3069 525 3101 n.
535 3051 570 3117 α),
575 3067 665 3116 pacem
674 3067 774 3098 manere
815 3049 887 3101 lesse.
910 3051 940 3099 Id
962 3053 1027 3100 enim
1047 3064 1143 3101 senatus
1166 3051 1326 3116 imperaverat

265 3135 431 3200 exeo,quo‹l
444 3135 482 3182 bre
495 3134 557 3181 vires
569 3141 648 3180 essem
665 3131 772 3178 illibetae.
816 3147 870 3195 cap.
897 3133 929 3179 28
949 3131 1013 3178 med.
1037 3131 1172 3178 consulibus
1192 3129 1326 3195 desr'gnatb

265 3220 306 3265 Ex
318 3231 389 3280 oeqno
407 3213 515 3260 malebat
527 3213 605 3260 Gron.
617 3235 653 3248 «-
666 3211 719 3272 Quo
732 3210 772 3258 dte
816 3209 941 3274 bnperavit
958 3221 1066 3265 serratus,
1078 3219 1105 3255 ur
1124 3224 1175 3271 qua
1191 3209 1232 3254 dr'e
1248 3209 1324 3274 magi-

263 3295 451 3362 *magistrarum
471 3302 517 3338 etc.
531 3289 591 3337 olim
610 3288 774 3352 (lisinguebs-
815 3299 917 3336 suatum
926 3284 1130 3343 ruissentffiostr'is
1138 3285 1326 3350 majoritum-ite

267 3387 321 3422 tur:
331 3388 379 3435 quo
391 3370 432 3417 die
445 3368 612 3432 magistratum
625 3367 730 3415 inierunt
740 3383 773 3414 ex
816 3365 940 3421 maeatis,
952 3375 999 3414 etc.
1013 3367 1059 3412 En.

266 3447 488 3502 senatusconsulto,
499 3461 588 3509 quum,
599 3456 647 3494 etc.
658 3445 729 3508 quasi
738 3447 774 3491 Li·
851 3445 876 3492 5.
886 3443 948 3490 Inde
956 3457 1108 3507 precesserat
1119 3454 1271 3506 acceptas...
1285 3459 1323 3490 re·

267 3531 321 3578 vius
338 3526 471 3583 indicaret,
485 3524 596 3572 consules
611 3539 663 3570 non
676 3522 773 3570 ordina·
816 3521 979 3570 nunciarune:
992 3522 1043 3569 brec
1060 3531 1117 3584 post
1138 3521 1211 3568 verbe
1229 3522 1327 3586 imperii

265 3609 319 3666 rio,
335 3605 379 3654 sed
398 3621 442 3669 per
461 3603 694 3650 senatusconsultum
712 3599 771 3650 defi·
812 3598 929 3664 portendi
939 3599 1054 3662 ponenda
1064 3598 1165 3663 putabat
1175 3599 1272 3647 Crever.
1283 3617 1324 3647 ae-

266 3689 319 3736 nito
326 3683 538 3748 diemsgistrstum
546 3680 771 3744 occepissemtlx,
815 3687 897 3741 ceptus
914 3677 946 3725 ab
961 3677 1023 3726 ds'a's:
1038 3693 1095 3726 nam
1109 3689 1234 3742 preeuntes
1255 3695 1322 3742 roge·

267 3757 356 3830 8,qno
366 3761 446 3812 creati
455 3772 512 3810 sunt
523 3759 564 3807 die
574 3762 594 3821 (
598 3759 634 3806 sic
645 3758 708 3806 enim
713 3759 771 3822 pla·
815 3757 887 3814 bant,
901 3767 930 3804 nt
942 3756 978 3804 dii
996 3773 1080 3822 preces
1097 3757 1322 3820 suas-acosma

266 3855 351 3896 suerat
362 3842 515 3902 Patribus),
531 3839 700 3904 magristrum
712 3835 773 3882 im'e-
816 3834 890 3882 an.
901 3835 974 3886 Conf.
988 3837 1096 3886 Brisson
1108 3836 1138 3884 de
1147 3839 1227 3882 Form.
1236 3837 1262 3894 1,
1277 3837 1320 3882 33.

266 3933 330 3970 runt.
345 3922 462 3970 Distinxit
473 3935 532 3967 vero
547 3915 638 3973 nuh,
649 3925 772 3980 preeunte
815 3939 851 3950 -—
859 3917 1059 3982 Prorogationem
1068 3914 1175 3980 imperii,
1184 3916 1259 3962 immo
1264 3929 1323 3978 pro·

265 4001 344 4058 (lm,
356 3999 524 4062 magistratum
532 3996 654 4051 inierunt,
665 4009 773 4040 exsena-
811 3993 988 4058 pagationem
1003 3996 1078 4043 Perit.
1092 3992 1156 4041 Vide
1170 3992 1203 4042 sd
1216 3993 1321 4050 mn,

266 4077 412 4127 tuseomaleo
422 4091 495 4138 quum
504 4074 570 4126 eirca
576 4108 586 4131 ,
596 4083 642 4120 etc.
653 4082 680 4120 ut
688 4086 773 4122 consu·
817 4065 849 4120 25
856 4106 863 4132 ,
871 4088 896 4121 n.
908 4088 931 4132 7.
