2970 4712
271 385 340 454 336
691 389 730 453 T.
764 389 905 455 Livii
1179 368 1304 470 35:332:

265 506 430 606 praesidia
448 503 659 575 deducenda
676 508 834 590 venisse,
857 522 899 576 ut
920 504 1024 577 liberi
1046 508 1221 604 Epirotae,
1235 512 1329 579 sicut

265 617 501 700 Macedones,
522 628 660 702 essent,
681 615 796 698 denos
812 617 992 713 principes
1009 640 1055 686 ex
1076 616 1226 712 singulis
1246 643 1330 702 evo·

266 728 357 798 cavit
382 724 607 796 civitatibus:
625 723 757 820 quibus
784 751 898 822 quum
920 725 1185 813 denuntiasset,
1207 742 1248 797 ut
1266 753 1328 798 au-

264 862 348 906 rum
373 850 481 932 atque
510 849 698 931 argentum
725 837 763 905 in
789 834 977 933 publicum
1003 833 1242 933 proferretur,
1264 863 1329 935 per

265 973 392 1018 omnes
414 948 575 1018 civitates
598 947 763 1016 cohortes
788 946 930 1016 dimisit.
953 947 1102 1016 Anteia
1120 946 1327 1034 ulteriores,

264 1083 376 1154 quam
398 1060 435 1127 in
455 1058 669 1154 propiores,
700 1053 878 1150 profecti,
901 1069 942 1124 ut
964 1079 1039 1125 uno
1057 1053 1120 1126 die
1141 1056 1179 1124 iu
1202 1080 1328 1126 omnes

266 1167 524 1268 perveniretur.
541 1164 644 1235 Edita
666 1163 820 1235 tribunis
837 1163 1185 1260 centurionibusque
1207 1181 1326 1252 erant,

267 1305 347 1376 quae
365 1293 576 1374 agerentur:
594 1300 824 1346 maneamne
840 1301 969 1347 aurum
983 1292 1245 1374 argentumque
1257 1277 1327 1348 col-

265 1390 402 1460 latum:
420 1387 511 1458 hora
525 1401 654 1482 quarta
674 1387 817 1483 signum
837 1385 879 1456 ad
903 1387 1122 1484 diripiendas
1140 1387 1250 1459 urbes
1267 1389 1327 1458 da-

266 1514 344 1569 tum
362 1512 416 1569 est
432 1496 605 1566 militibus
621 1523 628 1567 :
645 1510 815 1592 tantaque
829 1497 946 1593 praeda
962 1495 1047 1585 fuit,
1064 1513 1105 1568 ut
1118 1499 1155 1567 in
1169 1500 1326 1595 equitem

265 1609 503 1706 quadringeni
521 1606 659 1677 denarii
669 1617 695 1691 ²,
712 1605 895 1703 peditibus
918 1605 1049 1677 duceni
1067 1607 1327 1692 dividerentur,

266 1736 409 1792 centum
428 1716 692 1815 quinquaginta
705 1715 816 1786 millia
830 1718 986 1814 capitum
1007 1716 1248 1788 bumanorum
1264 1717 1326 1788 ab·

266 1832 495 1902 ducerentur.
525 1829 620 1898 Muri
645 1825 777 1897 deinde
801 1827 1020 1923 direptarum
1048 1824 1193 1896 urbium
1218 1822 1326 1898 diruti

267 1956 383 2011 sunt:
415 1963 456 2007 ea
487 1935 586 2008 fuere
615 1936 750 2033 oppida
782 1939 876 2008 circa
910 1937 1143 2033 septuaginta.
1175 1936 1326 2029 Vendita

266 2048 385 2147 praeda
402 2049 589 2130 omnium,
609 2046 654 2144 de
675 2071 716 2116 ea
732 2069 869 2117 summa
888 2047 993 2118 militi
1013 2062 1239 2118 numeratum
1263 2062 1323 2118 est.

265 2158 408 2228 Paullus
428 2155 472 2226 ad
494 2179 591 2226 mare
619 2157 767 2226 Oricum
789 2155 997 2244 descendit,
1018 2179 1267 2254 nequaquam,
1287 2171 1326 2228 ut

265 2283 364 2340 ratus
394 2280 490 2350 erat,
518 2265 669 2362 expletis
694 2267 849 2339 militum
876 2268 1022 2352 animis,
1049 2269 1133 2363 qui,
1156 2282 1325 2363 tanquam

245 2456 249 2463 Ι
267 2376 409 2458 nullum
428 2377 466 2444 in
485 2375 694 2445 Macedonia
713 2378 903 2473 gessissent
921 2374 1076 2461 bellum,
1094 2390 1259 2472 expertes
1275 2399 1326 2445 re-

268 2490 333 2585 giae
362 2485 491 2584 praedae
517 2509 595 2557 esse
624 2485 912 2583 indignabantur.
942 2487 1038 2557 Orici
1064 2511 1180 2582 quum
1204 2487 1326 2555 missas

269 2624 350 2669 cum
370 2597 538 2694 Scipione
552 2598 678 2667 Nasica
692 2599 923 2694 Maximoque
943 2584 1018 2667 lilio
1038 2593 1159 2692 copias
1177 2597 1326 2666 invenis-

267 2725 341 2794 set,
366 2707 524 2778 exercitu
551 2707 588 2775 in
615 2730 722 2776 naves
743 2707 934 2802 imposito,
958 2707 994 2774 in
1018 2704 1155 2775 Italiam
1178 2703 1325 2796 trajecit.

268 2825 312 2890 Et
335 2833 421 2917 post
446 2840 580 2915 paucos
606 2815 682 2887 dies
706 2817 870 2900 Anicius,
896 2830 1078 2885 conventu
1103 2813 1325 2908 reliquorum

266 2931 496 3026 Epirotarum
511 2931 811 3020 Acarnanumque
827 2940 926 3009 acto,
943 2925 1123 3018 jussisque
1137 2923 1175 2991 in
1192 2917 1326 2994 Italiam

269 3040 371 3136 sequi
387 3034 631 3135 principibus,
653 3058 809 3130 quorum
829 3035 1072 3132 cognitionem
1090 3057 1203 3104 causta
1218 3057 1327 3112 reser-

268 3144 401 3230 varat³,
414 3160 452 3215 et
467 3147 564 3242 ipse,
582 3143 732 3213 navibus
750 3145 976 3241 exspectatis,
996 3141 1130 3238 quibus
1147 3167 1234 3212 usus
1251 3145 1327 3211 Ma·

268 3257 461 3328 cedouicus
488 3255 663 3324 exercitus
693 3268 786 3339 erat,
812 3255 849 3322 in
877 3253 1010 3325 ltaliam
1035 3253 1182 3346 trajecit.
1206 3254 1327 3340 Quum

269 3351 345 3437 haec
370 3366 407 3435 in
430 3364 639 3434 Macedonia
664 3365 846 3460 Epiroque
869 3378 966 3460 gesta
988 3377 1091 3448 sunt,
1117 3361 1241 3457 legati,
1265 3360 1328 3454 qui

306 3599 329 3630 a.
345 3579 513 3644 Quadringeni
530 3580 639 3637 denarii,
658 3580 682 3626 h.
702 3597 723 3628 e.
748 3596 778 3626 ex
817 3573 967 3638 patagiuta‚·
987 3571 1052 3620 conl.
1070 3571 1158 3634 Polyb.
1179 3569 1330 3628 xxx,15‚

269 3665 340 3712 Creu.
354 3661 527 3717 aestimatione,
538 3677 623 3708 marcae
631 3661 724 3724 argenti
733 3675 778 3706 no·
822 3649 838 3714 S
850 3652 864 3699 5
874 3651 959 3716 (apud
974 3651 1051 3698 Strab.
1060 3651 1125 3708 vn,
1137 3665 1194 3713 pag.
1208 3651 1256 3696 322
1267 3647 1292 3710 ),
1305 3659 1329 3694 et

268 3730 354 3788 strates
369 3756 428 3801 sex,
441 3740 519 3786 uuciae
533 3754 563 3795 23
577 3737 678 3793 duceni,
691 3753 777 3784 marcae
822 3732 886 3779 Plut.
902 3730 980 3778 AEmil.
990 3747 1017 3794 p.
1032 3745 1097 3790 270,
1110 3744 1171 3788 271.
1187 3725 1240 3776 ltie'
1250 3739 1328 3774 tamen

268 3832 329 3876 tres,
346 3812 422 3866 uncia
438 3835 458 3864 1.
476 3819 520 3866 Ea.
537 3844 572 3852 —
589 3817 688 3864 Centum
707 3815 777 3880 quin·
821 3809 894 3873 longe
906 3811 1022 3875 minorem
1034 3807 1140 3872 praedam
1155 3807 1227 3854 luisse
1243 3807 1328 3853 factam

268 3899 387 3962 quaginta
400 3897 477 3944 :nittia
492 3895 598 3959 cupitum
617 3893 775 3942 humanorum
821 3901 845 3936 et
859 3887 976 3936 militibus
988 3887 1091 3936 divisam
1106 3885 1188 3934 trudit.

266 3976 479 4022 abducerentur...
499 3973 562 4021 muri
572 3973 721 4035 direptarum
735 3988 774 4017 ur-
856 3968 880 4013 3.
894 3962 1000 4027 Quorum
1019 3963 1181 4029 cognitt'onem
1199 3980 1280 4010 carisa
1293 3977 1327 4008 re-

266 4053 331 4100 bium
352 4051 428 4098 diruti
449 4059 522 4099 suat:
541 4068 572 4098 ea
587 4049 661 4115 suere
683 4050 775 4114 oppida
819 4057 942 4102 servarat,
956 4043 1017 4092 adde
1031 4042 1243 4112 senatuifflulier.
1258 4041 1327 4090 cons.

267 4128 776 4192 eirca(videadtth11,42,n.3)se-
821 4125 953 4181 xxm,
976 4139 1017 4184 29.
1038 4149 1071 4158 -
1094 4122 1194 4186 Legati,
1216 4121 1328 4184 quicum
