2984 4706
263 375 333 446 250
687 383 725 446 r.
757 381 888 448 alvu
990 417 992 425 ,
1173 359 1300 465 llll:

262 497 366 584 lignos
384 497 540 578 ducebat,
564 515 728 585 arreptum
746 500 873 586 signum
891 499 924 561 in
944 499 1054 564 hostes
1072 499 1166 562 misit.
1191 499 1252 562 Hic
1274 500 1329 561 iu-

264 619 342 684 gens
354 621 524 662 accensum
542 616 703 664 certamen
720 617 779 681 est,
790 600 869 664 duur
887 601 964 663 hinc
980 600 1102 688 Peligni
1114 599 1154 662 ad
1170 599 1330 688 recipien-

263 698 343 762 dum
360 701 505 788 signum,
522 703 598 766 binc
614 703 808 766 Macedones
821 702 862 767 ad
880 700 1104 781 retinendum,
1118 723 1246 764 summa
1262 724 1329 788 ope

264 801 422 864 nituntur.
443 803 491 866 llli
506 806 682 893 praelongas
699 803 916 868 Macedonum
933 805 1038 867 hastas
1057 821 1114 866 aut
1132 804 1218 866 ferro
1242 803 1328 866 inci·

264 901 359 982 dere,
381 921 438 967 aut
456 906 601 969 umbone
627 907 809 993 impellere,
834 922 890 968 aut
915 905 1012 969 nudis
1040 905 1134 968 etiam
1158 904 1328 968 interdum

264 1004 412 1068 manibus
429 1022 580 1070 avertere.
600 1008 642 1070 Hi
657 1006 813 1068 ambabus
828 1005 961 1068 firmiter
976 1005 1224 1092 comprehensas
1237 1019 1328 1067 tanta

261 1103 292 1166 vi
307 1103 434 1194 adigere
451 1106 486 1167 iu
500 1123 621 1172 temere
634 1129 672 1170 ae
683 1108 791 1169 furore
810 1129 894 1169 eaeco
908 1122 1058 1186 ruentes,
1072 1123 1127 1186 ut,
1140 1106 1327 1169 transfossis

261 1205 360 1268 scutis
371 1205 558 1292 loricisque,
575 1204 743 1271 transfixos
756 1207 851 1270 etiam
861 1207 1010 1270 homines
1027 1230 1124 1294 super
1139 1207 1242 1293 capita
1253 1229 1330 1293 pro·

259 1308 404 1386 jicerent.
415 1307 466 1370 Sic
474 1305 863 1396 p1·olligatisPeligu0rum
876 1309 987 1395 primis
1002 1307 1181 1388 ordinibus,
1192 1305 1327 1372 caedun-

263 1425 317 1471 tur
340 1431 488 1496 quoque,
513 1410 568 1496 qui
587 1425 661 1497 post
682 1410 754 1473 illos
772 1426 944 1473 steterant:
963 1426 1076 1496 atque,
1100 1410 1156 1472 etsi
1175 1407 1326 1472 nondum

262 1512 407 1574 conl'essa
434 1512 529 1600 fuga,
547 1511 663 1599 pedem
685 1511 865 1574 referebant
892 1515 999 1575 t'amen
1024 1528 1168 1575 montem
1193 1534 1327 1590 versus3

264 1613 418 1676 Olocrum
443 1612 601 1702 indigenae
625 1628 751 1676 vocant.
777 1613 837 1676 Hic
852 1635 929 1676 vero
946 1613 1062 1676 exarsit
1073 1613 1203 1676 AEmilio
1220 1612 1327 1692 dolor,

262 1731 297 1777 ut
317 1717 412 1778 etiam
430 1739 469 1778 ex
485 1714 708 1805 indignatione
724 1714 988 1803 paludamentum
1008 1713 1177 1778 scinderet.
1190 1715 1275 1779 Nam
1294 1729 1327 1776 et

263 1818 297 1879 in
321 1817 442 1879 caeteris
459 1818 536 1881 locis
554 1816 684 1881 videbat
701 1817 847 1880 cunctari
869 1839 963 1896 suos,
979 1815 1156 1904 timideque
1174 1813 1326 1878 accedere

264 1916 304 1981 ad
320 1918 405 1979 illam
423 1919 511 1982 velut
529 1907 667 1982 ferream
682 1941 809 2006 sepem,
826 1939 890 2005 qua
909 1916 1055 2003 undique
1070 1917 1151 1980 acies
1173 1916 1326 1979 Macedo·

265 2019 334 2081 nica
355 2021 552 2085 inhorrebat.
579 2020 643 2084 Sed
666 2020 891 2083 animadvertit
913 2019 1035 2106 peritus
1053 2018 1136 2099 dux,
1158 2041 1226 2080 nou
1244 2032 1326 2079 stare

265 2121 386 2206 ubique
403 2123 579 2184 confertam
594 2123 680 2185 illam
696 2122 840 2184 hostium
857 2121 946 2183 velut
964 2141 1171 2207 compagem,
1191 2139 1326 2204 eamque

265 2221 430 2286 dehiscere
447 2221 623 2285 identidem
634 2221 829 2311 quibusdam
842 2221 1031 2301 intervallis,
1047 2221 1113 2284 sive
1131 2220 1174 2283 ob
1188 2221 1327 2306 inaequa-

267 2325 387 2386 litatem
406 2325 482 2405 soli,
507 2326 572 2388 sive
590 2326 633 2388 ob
651 2326 752 2414 ipsam
769 2340 923 2412 porrectae
940 2324 973 2386 in
991 2323 1188 2385 immensum
1210 2319 1325 2383 frontis

266 2425 522 2514 longitudinem,
540 2427 619 2489 dum
634 2427 691 2512 qui
703 2425 867 2513 superiora
882 2445 1040 2510 occupare
1051 2435 1211 2484 conantur
1222 2420 1262 2482 ab
1275 2419 1325 2481 in·

264 2527 380 2610 seriora
401 2528 602 2609 tenentibus,
623 2529 676 2591 vel
696 2525 851 2589 tardiores
873 2549 890 2587 a
910 2522 1128 2602 citatioribus,
1147 2537 1179 2583 et
1196 2542 1326 2607 progre-

266 2625 389 2690 dientes
408 2629 686 2691 asubsistentibus
697 2628 877 2708 ,instantes
894 2623 1034 2711 denique
1050 2623 1137 2686 hosti
1152 2623 1192 2684 ab
1209 2622 1326 2708 impul·

266 2726 325 2807 sis,
348 2728 437 2790 iuviti
465 2730 556 2811 licet,
584 2729 762 2792 necessario
793 2727 999 2791 divelluntur.
1027 2725 1112 2812 Ergo
1131 2740 1169 2787 ut
1193 2723 1325 2786 omnino

268 2847 434 2916 rumperet
454 2831 604 2895 ordinem
622 2830 784 2909 hostium,
802 2845 834 2891 et
851 2824 1134 2914 inexpugnabilem
1148 2824 1233 2886 illam
1247 2822 1325 2888 'uni-

266 2955 364 2995 versae
379 2933 545 3022 phalangis
569 2933 635 2996 vim
655 2932 689 2993 in
711 2931 813 2993 multa
833 2928 1016 2992 minutatim
1038 2926 1145 3014 praelia
1165 2939 1324 3011 carperet,

268 3033 404 3121 imperat
425 3037 508 3117 suis,
526 3051 563 3097 ut
582 3033 700 3097 intenti
717 3052 923 3119 quacumque
946 3029 1042 3090 rimas
1067 3048 1159 3114 agere
1178 3022 1326 3086 hostilem

265 3135 365 3197 aciem
389 3135 634 3216 viderint,.illuc
650 3133 786 3219 quisque
801 3133 925 3218 impetu
940 3129 1138 3206 inferantur,
1159 3147 1257 3211 seque
1270 3146 1325 3186 cu·

267 3236 386 3299 ueatim
402 3237 437 3298 iu
459 3236 580 3299 hiantia
603 3235 656 3298 vel
674 3234 833 3296 tantillum
858 3231 959 3319 spatia
981 3228 1180 3292 insinuantes
1200 3240 1325 3288 strenue

267 3359 336 3398 rem
352 3352 456 3426 agant.
474 3339 548 3400 Hoc
559 3335 645 3399 edito
662 3335 815 3424 imperio,
832 3349 864 3396 et
879 3355 937 3420 per
952 3347 1059 3394 totum
1077 3327 1253 3393 exercitum
1267 3325 1325 3387 cir-

269 3447 427 3526 cumlato,
446 3447 659 3533 ipsealteram
677 3444 890 3533 elegionibus
903 3442 956 3528 in]
979 3432 1142 3530 praelium
1160 3427 1290 3498 ducitl.

315 3557 406 3622 XLI.
431 3551 598 3623 Movebat
623 3552 764 3650 imperii
793 3551 976 3642 majestas,
1004 3546 1116 3644 gloria
1141 3544 1226 3628 viri,
1249 3556 1326 3611 ante

268 3664 388 3732 omnia
401 3677 501 3749 aetas,
517 3662 616 3759 quod
630 3664 744 3756 major
757 3661 939 3757 sexaginta
953 3658 1053 3728 annis
1064 3656 1240 3750 juvenum
1255 3675 1326 3719 mu·

268 3776 326 3843 nia
345 3776 382 3844 in
400 3788 501 3871 parte
520 3775 699 3872 praecipua
717 3771 851 3842 laboris
869 3767 1094 3867 periculique
1113 3760 1325 3860 capessebat.

308 4035 395 4079 Surae.
414 4032 537 4080 Plutarch.
552 4033 577 4080 in
592 4032 706 4093 AEmilio,
724 4031 741 4078 l.
759 4031 775 4078 l.
821 4031 923 4089 consul,
937 4029 979 4092 qui
992 4028 1019 4075 in
1031 4025 1137 4075 tentorio
1150 4041 1195 4072 suu
1210 4033 1327 4089 spectator

297 4117 330 4164 Ἃ.
343 4113 372 4156 In
381 4109 496 4172 pralium
509 4109 591 4168 ducit,
605 4109 657 4158 scil.
668 4109 778 4174 legiones
821 4111 897 4157 fuerat
910 4106 1046 4157 certaminis
1057 4107 1083 4153 in
1097 4105 1172 4152 fluvio
1182 4104 1238 4151 orti.
1322 4103 1332 4146 “.
