2972 4720
242 355 288 424 30
667 359 705 424 r:
739 360 879 428 mvn
1164 347 1286 450 23⁶0?ss

239 483 270 550 ei
298 479 456 550 honores
482 479 616 566 habiti,
640 480 808 577 donaque
829 507 938 579 quam
964 485 1182 582 amplissima
1204 488 1308 579 data,

238 613 322 661 cum
341 590 427 661 sella
441 590 558 661 curuli
576 605 684 688 atque
701 590 865 682 eburneo
884 593 1054 690 scipione.

284 706 360 771 XV.
381 699 638 798 Legationibus
650 699 823 790 dimissis,
836 727 950 800 quum
964 703 1157 801 Harpalus,
1173 723 1309 804 quanta

236 812 385 883 eximia¹
408 811 587 884 celeritate
604 826 766 909 poterat,
783 805 966 910 regressus
984 815 1023 884 in
1041 815 1304 908 Macedoniam,

236 923 435 992 nuntiasset
452 924 547 1018 regi,
567 921 731 992 nondum
751 923 898 1020 quidem
918 940 1083 1021 parantes
1097 925 1235 1000 bellum
1247 954 1305 1002 rc-

233 1031 380 1129 liquisse
398 1057 435 1104 se
454 1037 654 1121 Romanos,
677 1031 740 1104 sed
763 1035 811 1104 ita
826 1031 992 1124 infestos,
1014 1050 1056 1106 ut
1073 1033 1175 1108 facile
1194 1061 1304 1136 appa-

232 1159 345 1231 reret,
361 1169 436 1214 non
455 1142 648 1232 dilaturos;
668 1157 705 1213 et
721 1143 818 1240 ipse,
836 1155 1076 1242 preterquam
1092 1145 1192 1241 quod
1206 1163 1243 1218 et
1255 1149 1306 1220 ita

233 1251 402 1324 credebat
415 1251 599 1337 lunarum,
613 1253 686 1348 jam
701 1255 806 1324 etiam
826 1253 990 1343 volebat,
1007 1256 1045 1326 in
1063 1254 1153 1328 flore
1170 1258 1301 1332 virium

124 1393 128 1402 ἃ
231 1387 269 1434 sc
286 1363 435 1436 credens
457 1389 541 1434 esse.
561 1364 714 1436 Eumeni
732 1377 815 1433 ante
835 1387 963 1435 omnes
981 1363 1132 1436 infestus
1156 1382 1257 1438 erat:
1280 1393 1301 1439 a

231 1475 334 1570 cujus
357 1475 552 1572 sanguine²
579 1471 724 1544 ordiens
746 1472 903 1561 bellurn,
921 1473 1128 1546 Evandrum
1150 1478 1299 1549 Creten·

228 1609 323 1672 sem,
339 1584 468 1656 ducem
488 1581 724 1672 auxiliorum,
743 1598 779 1655 et
797 1582 1013 1654 Macedonas
1031 1599 1122 1671 tres,
1139 1601 1299 1658 assuetos

226 1697 432 1767 ministeriis
453 1695 577 1765 talium
606 1692 828 1782 facinorum,
850 1692 896 1764 ad
916 1691 1028 1762 aedem
1051 1696 1144 1791 regis
1168 1693 1297 1768 subur·

227 1820 306 1893 nat;
324 1804 517 1899 literasque
536 1804 586 1874 eis
604 1801 665 1873 dat
682 1803 728 1874 ad
744 1809 862 1874 Praxo
879 1801 1081 1900 hospitam,
1099 1806 1296 1903 principem

226 1915 436 1986 auctoritate
471 1927 507 1984 et
534 1912 666 2010 opibus
694 1913 932 2012 Delphorum.
969 1913 1060 1983 Satis
1092 1915 1295 2005 constabat,

224 2027 443 2110 Eumenem,
463 2037 506 2094 ut
526 2021 739 2095 sacrificaret
758 2022 936 2120 Apollini,
955 2022 1116 2120 Delphos
1130 2049 1294 2098 ascensu·

224 2157 305 2203 rum
315 2130 341 2203 ³.
358 2135 539 2232 Progressi
552 2157 636 2203 cum
649 2131 816 2203 Evandro
830 2133 1071 2220 insidiatores,
1091 2133 1180 2204 nihil
1195 2135 1293 2208 aliud

223 2245 269 2316 ad
282 2245 529 2344 peragendum
542 2246 748 2341 inceptum,
761 2269 870 2342 quam
881 2244 1290 2343 loeiopportunitatem,

223 2357 345 2425 omnia
372 2357 654 2441 circumeuntes,
680 2355 899 2452 quaerebant.
928 2354 1215 2426 Ascendentibus
1246 2356 1291 2428 ad

221 2465 396 2563 templum
417 2491 438 2537 a
456 2465 603 2553 Cirrha,
627 2466 728 2563 prius
750 2489 860 2564 quam
882 2466 1131 2562 perveniretur
1152 2465 1198 2536 ad
1221 2464 1290 2538 fue·

220 2577 368 2674 quentia
392 2575 549 2648 edificiis
574 2576 670 2665 loca,
693 2576 845 2648 maceria
864 2590 941 2645 erat
961 2572 1006 2645 ab
1024 2572 1133 2644 laeva‘*
1156 2575 1289 2650 semitae

219 2767 304 2812 Persea
314 2763 675 2827 Rhodiosqus3multistamen
687 2766 730 2810 Pa·
772 2763 869 2820 xm,
890 2763 924 2809 6:
948 2761 1062 2825 templum
1086 2757 1205 2822 Apollinis
1219 2757 1287 2822 posi-

218 2843 296 2890 tribns
313 2844 386 2891 fuisse
402 2844 581 2907 suspicionem,
596 2843 728 2890 Eumenem
772 2851 824 2888 turn
841 2851 877 2887 est
893 2839 919 2887 in
938 2850 1019 2887 monte
1034 2841 1159 2893 Parnaso,
1181 2835 1206 2883 r'n
1226 2853 1286 2900 rupe

216 2923 308 2971 invidia
319 2933 413 2970 tantum
423 2924 518 2987 privata
530 2939 558 2969 sc
569 2932 635 2970 metu
643 2933 727 2969 aucto·
772 2919 879 2983 undique
900 2918 1094 2983 impendente...
1122 2915 1205 2963 medio
1225 2915 1286 2962 saxi

216 3019 266 3050 rem
281 3003 343 3050 tanti
354 3001 414 3050 belli
429 3002 559 3050 exstitisse.
772 3015 843 3064 rupes
863 2999 889 3047 in
903 3000 1018 3066 formans
1036 2994 1126 3044 tlisotri
1143 2995 1279 3043 recessit...

249 3083 377 3132 (ΜΠ,
390 3097 412 3130 1.
424 3082 524 3143 Quanta
534 3078 640 3136 exinsia,
650 3080 726 3127 immo
771 3082 801 3126 In
815 3079 861 3127 lior
876 3079 942 3144 rupis
956 3075 1087 3142 anfractu,
1108 3074 1192 3122 meoio
1201 3073 1285 3138 ferm

215 3172 310 3222 quanta
323 3161 539 3216 maxima',·Gron.
770 3159 858 3206 montis
886 3155 1033 3210 altitudine,
1052 3152 1171 3216 planities
1191 3151 1283 3215 αἱμα

250 3255 274 3285 2.
286 3241 310 3286 A
322 3239 390 3303 cujus
401 3238 536 3300 sanguine5
552 3235 609 3283 ride
623 3235 654 3283 sd
668 3237 724 3296 XL,
768 3249 816 3294 est,
831 3235 907 3301 atque
920 3235 946 3282 in
959 3249 990 3280 sa
998 3229 1152 3295 profundum
1166 3230 1282 3294 terroefo·

215 3332 246 3376 9,
258 3333 281 3364 11.
297 3335 319 3376 7.
769 3331 867 3371 remen,
887 3311 956 3376 quod
967 3309 993 3356 in
1010 3307 1114 3356 oracula
1123 3317 1203 3369 potet.
1222 3309 1283 3358 Dio-

250 3397 273 3442 3.
288 3393 394 3458 Delphos
407 3408 576 3450 ascensurum,
589 3396 726 3453 cutm,
769 3395 823 3442 dor.
833 3395 909 3450 XVl,
921 3389 965 3437 26.
979 3387 1045 3436 ltine
1057 3383 1141 3437 notor
1159 3385 1283 3451 (priscum

215 3490 302 3532 11‚u.
321 3474 347 3534 3,
365 3482 389 3520 et
405 3473 479 3532 XLI,
495 3487 540 3530 oo,
555 3489 580 3522 n.
601 3476 626 3521 3.
648 3473 720 3524 Conl.
767 3487 858 3520 nomen
870 3467 1041 3533 Delphorum)
1056 3464 1197 3534 scepticae
1215 3468 1281 3534 apud

211 3554 292 3611 xm,
302 3560 334 3608 42
346 3568 384 3616 pr.
394 3549 436 3597 ubi
445 3554 547 3598 Perseus
558 3551 623 3598 idem
636 3553 720 3600 iecisse
766 3553 866 3598 Homer.
878 3549 910 3596 11.
926 3549 966 3608 11,
985 3546 1046 3608 519,
1059 3557 1085 3594 et
1100 3545 1183 3616 Aslpic
1199 3548 1280 3616 πέτρα

211 3631 308 3680 dicitur.
332 3633 393 3680 Nom
414 3629 501 3677 incolae
523 3630 589 3677 u‘rbis
614 3632 720 3694 primum
764 3631 792 3678 in
805 3627 956 3694 Soph.0Ed.
969 3630 999 3674 R.
1013 3627 1072 3683 464.
1086 3652 1121 3661 —
1134 3627 1276 3692 Progressi,

208 3712 343 3775 Lycoream
357 3713 386 3758 in
400 3725 495 3756 summo
508 3711 607 3756 Parnasi
617 3711 720 3768 vertice,
765 3710 828 3758 lorte
843 3706 973 3773 progressi
981 3725 991 3763 ,·
1005 3707 1116 3760 Gronov.
1134 3706 1165 3754 td
1186 3706 1279 3770 recepit

208 3789 251 3838 ubi
265 3803 289 3839 et
301 3789 419 3853 templum
430 3787 554 3852 Apollinis
565 3789 623 3848 aut,
634 3801 719 3838 tenuo·
764 3789 862 3837 Crever.

208 3881 284 3929 re3et
297 3869 385 3916 deinde
395 3868 501 3931 degressi
513 3869 623 3934 Delphos
632 3869 719 3916 condi·
800 3877 824 3924 4.
849 3865 1039 3915 Ascenderstr'bns
1062 3863 1098 3912 ad
1122 3865 1236 3928 templum
1259 3882 1277 3914 a

208 3951 296 3998 derunt
314 3949 341 3995 in
358 3947 438 3995 medis
452 3949 543 3996 montis
556 3961 634 4013 parte.
645 3947 717 3997 Conl.
764 3947 889 3996 Cirrha...
904 3946 1080 3994 nocentiores
1092 3943 1276 4008 oblcrsapsrte

206 4047 273 4094 seqq.
294 4039 318 4076 et
340 4029 443 4075 Pausan.
461 4027 499 4085 X,
518 4027 552 4087 e;
568 4027 645 4076 Strsb.
662 4029 716 4084 IX,
761 4027 866 4084 sernitce,
878 4037 925 4075 etc.
936 4025 993 4074 vids
1009 4025 1042 4074 ed
1056 4027 1083 4082 1,
1103 4024 1133 4082 8,
1143 4039 1169 4071 n.
1184 4023 1208 4072 5.
1228 4025 1275 4070 En-

205 4128 231 4174 p.
243 4110 307 4166 aas,
318 4107 349 4155 al.
361 4107 427 4166 418,
440 4105 489 4165 637
503 4123 540 4168 sq.
552 4109 612 4161 648.
626 4108 716 4156 lustin.
761 4123 844 4156 menes
853 4108 881 4158 ln
894 4105 985 4176 Κίρῥας
1001 4107 1025 4163 lc
1041 4101 1145 4171 cupite
1162 4099 1272 4180 ἀνίὸᾳινε
