2972 4720
209 389 333 501 ῧςξῑςζζ
467 406 619 474 maan
649 405 768 472 xiia.
796 407 901 474 cap.
921 409 961 475 v.
1034 421 1036 426 ⁴
1202 407 1244 480 13

183 525 346 598 fetebant
371 523 480 620 vulgo
506 525 665 594 civitates
692 537 764 594 tam
789 526 850 622 pio
873 523 978 624 erga³
998 529 1244 626 propinquos,

182 649 255 706 tam
266 635 365 729 justo
379 635 417 704 in
434 635 548 720 cives,
565 648 638 704 tam
655 633 826 712 munifico
843 657 926 733 erga
940 661 1067 708 omnes
1079 637 1245 712 homines

183 746 274 842 regi,
289 769 353 816 seu
368 743 463 816 fama
478 759 513 815 et
527 744 710 840 majestate
723 746 961 816 macedonum
975 773 1101 845 regum
1116 774 1245 846 praeoc·

182 856 302 950 cupati
316 853 361 924 ad
380 853 619 951 spernendam
636 854 810 950 originem
826 857 911 926 novi
926 860 1068 954 regni⁴;
1091 883 1153 929 seu
1167 883 1244 930 mu-

182 965 327 1034 tationis
347 988 469 1034 rerum
490 963 635 1060 cupidi,
664 989 727 1034 seu
749 967 835 1060 quia
857 991 941 1036 eum
962 967 1146 1063 objectum
1166 994 1244 1042 esse

182 1075 350 1144 Romanis
374 1072 556 1144 volebant.
578 1079 688 1144 Erant
707 1090 828 1145 autem
848 1099 924 1145 non
943 1078 1050 1148 AEtoli
1073 1079 1183 1150 modo
1204 1084 1243 1150 in

183 1185 439 1273 seditionibus,
462 1199 612 1284 propter
634 1187 817 1282 ingentem
844 1186 916 1256 vim
940 1188 1016 1258 aeris
1039 1188 1161 1276 alieni,
1180 1190 1244 1261 sed

182 1297 336 1367 Thessali
360 1297 490 1368 etiam:
518 1321 559 1367 ea
580 1299 815 1393 contagione,
834 1296 934 1367 velut
958 1296 1057 1368 tabes
1066 1295 1091 1384 ⁵,
1111 1301 1149 1370 in
1163 1304 1245 1370 Per·

182 1403 350 1476 rhaebiam
376 1430 523 1514 quoque
543 1404 578 1476 id
598 1421 801 1504 pervaserat
821 1407 967 1477 malum.
989 1410 1110 1497 Quum
1131 1411 1244 1482 Thes·

90 1509 94 1516 ’
181 1515 273 1587 salos
290 1518 326 1586 in
343 1518 451 1588 armis
467 1541 545 1587 esse
563 1520 769 1588 nuntiatum
787 1531 841 1588 est
850 1514 879 1604 ⁶,
900 1524 966 1615 Ap.
985 1518 1176 1590 Claudium
1191 1520 1243 1591 le-

181 1641 301 1723 gatum
315 1627 429 1698 adeas
441 1651 497 1697 res
510 1627 734 1724 aspiciendas
748 1627 1090 1725 componendasque
1101 1635 1246 1700 senatus

181 1738 287 1820 misit.
317 1739 411 1828 Qui,
441 1739 630 1834 utriusque
661 1739 770 1834 partis
796 1737 1020 1836 principibus
1047 1742 1244 1838 castigatis,

182 1871 295 1944 quum
310 1849 445 1943 injusto
465 1847 588 1920 seuere
603 1861 786 1944 gravatum
803 1873 848 1919 aes
862 1849 1017 1920 alienum
1028 1862 1055 1937 ⁷,
1072 1852 1161 1947 ipsis
1174 1875 1245 1922 ma·

181 1981 250 2052 gua
271 1981 314 2027 ex
334 1973 433 2055 parte
449 1955 750 2045 concedentibus,
770 1959 834 2054 qui
853 1975 1062 2048 onerarent,
1078 1960 1246 2051 levasset,

180 2066 268 2159 justi
282 2067 406 2137 crediti
420 2067 637 2138 solutionem
650 2069 688 2138 in
701 2069 716 2098 *
729 2093 907 2139 annorum
923 2073 1115 2166 pensiones
1133 2071 1246 2143 distri·

175 2164 271 2245 buit.
292 2181 360 2247 Per
377 2175 544 2247 eumdem
564 2179 721 2276 Appium
741 2177 943 2276 eodemque
965 2180 1074 2251 modo
1094 2207 1245 2280 compo·

181 2287 256 2357 sitae
282 2288 320 2356 in
347 2285 550 2358 Perrhaebia
578 2312 645 2358 res.
680 2288 878 2358 AEtolorum
906 2313 1029 2360 causas
1054 2291 1244 2363 Marcellus

218 2490 240 2535 3.
256 2489 298 2536 Pio
310 2506 368 2554 erga
376 2489 525 2554 propinquos
534 2507 544 2547 ,·
556 2481 655 2538 matrem
665 2502 690 2539 et
733 2490 877 2556 oonmgione
885 2509 896 2548 ,-
905 2492 1052 2554 (ἔρωσι-ν
1062 2493 1114 2542 Etsi
1124 2494 1245 2542 Gronovii

182 2579 230 2616 tres
244 2569 338 2628 fratres,
349 2571 458 2618 Attalum
473 2570 563 2635 (quem
574 2570 690 2618 Philadel·
733 2572 927 2619 emendationem
943 2571 1047 2636 probent
1059 2572 1130 2620 Crev.
1145 2583 1168 2619 et
1184 2573 1245 2619 Dra·

181 2649 256 2712 phum
268 2667 282 2697 a
296 2660 382 2696 mutuo
398 2652 424 2695 ln
444 2651 539 2696 fratrem
553 2664 633 2696 amore
652 2665 690 2697 co
733 2650 819 2709 lienb„
840 2651 975 2714 Doeringio
994 2650 1124 2714 legendnm
1147 2651 1245 2699 aldetur

181 2728 348 2791 gnominatunr
379 2727 464 2775 dicunt
489 2727 590 2785 Strabo,
616 2729 687 2784 xlv,
734 2746 767 2778 ex
777 2731 932 2798 contagione.
946 2731 986 2778 Sic
999 2731 1131 2795 supra,V,
1146 2730 1177 2787 6,
1191 2731 1245 2777 bel·
1334 2763 1336 2770 .

182 2823 236 2871 pag.
247 2807 306 2863 641,
322 2809 370 2867 667
381 2824 388 2866 ;
401 2807 485 2870 steph.
499 2807 557 2870 Byr.
574 2807 600 2854 in
610 2804 689 2878 Εὺμί·
735 2820 762 2856 ut
772 2825 804 2856 ec
815 2810 980 2875 contagione,¹
994 2819 1018 2858 et
1032 2812 1085 2868 IX,
1101 2825 1126 2866 1,
1146 2805 1248 2874 nequid

180 2905 241 2949 arte,
251 2897 276 2933 et
286 2888 426 2934 Marcianus
438 2885 600 2950 Heracleote),
610 2877 689 2932 Plrile·
735 2903 767 2934 εκ
784 2889 928 2953 contagione
944 2904 1018 2935 noxoe
1035 2898 1161 2936 renaaneat
1169 2903 1245 2951 penes

181 2977 266 3012 taeruut
279 2977 303 3012 et
315 2965 467 3014 Athenaeum.
482 2966 553 3013 Cous.
572 2981 625 3028 cap.
643 2967 689 3023 16,
735 2981 787 3015 nos.
799 2969 847 3014 En.

182 3045 230 3101 55,
249 3053 273 3091 et
289 3045 365 3102 XLV,
387 3045 429 3102 133
446 3043 535 3107 Polyb.
553 3043 644 3102 XXII,
668 3061 690 3102 r,
732 3060 733 3064 ¹
769 3044 794 3091 6.
812 3043 959 3091 Nuntiatum
978 3054 1028 3100 est;
1045 3044 1127 3091 forsan
1150 3042 1246 3090 nunna·

181 3123 213 3180 5,
235 3137 284 3182 273
305 3125 407 3180 XXIII,
433 3123 478 3179 18;
500 3123 613 3178 xxvn,
640 3123 686 3181 153
733 3132 861 3170 comesset.
873 3123 950 3170 Gron.
964 3121 1055 3168 -Ad
1068 3139 1110 3169 eas
1126 3138 1162 3169 res
1177 3122 1241 3185 aspi-

181 3203 308 3259 xxvm,
322 3218 350 3261 7,
364 3217 408 3261 10;
421 3199 689 3258 xxx1r‚2a;stras.
733 3197 1159 3259 cianaas;via0aaxx1‚c,n.a.
1230 3189 1232 3194 ’

181 3273 689 3348 XlII,p.6at;Plut.neplptltad'tloiec,
743 3305 745 3310 .
773 3277 899 3344 7.In1'usto
904 3279 992 3345 fincte
998 3292 1130 3344 gravatum
1139 3297 1172 3327 oes
1183 3279 1245 3328 alie·

181 3379 237 3426 pag.
248 3363 298 3417 aso
307 3373 331 3408 et
344 3363 403 3423 489.
412 3389 447 3397 -
455 3361 517 3408 Mox
523 3359 693 3423 praeoccupati
735 3373 807 3414 num,
819 3358 860 3406 blo
871 3357 940 3406 locus
949 3375 1047 3422 quoque
1059 3359 1121 3408 valet
1131 3359 1246 3408 adversus

184 3452 208 3489 et
216 3440 299 3504 cupidi
308 3450 540 3504 proproeorcupatoe
550 3449 573 3486 et
583 3438 689 3503 cupida,
736 3438 834 3485 Salmas.
856 3437 886 3484 de
904 3440 977 3486 Usar.
997 3453 1050 3501 cap.
1071 3453 1085 3484 2
1096 3474 1108 3510 ’t
1120 3455 1174 3502 pag.
1193 3440 1244 3498 333

184 3518 693 3577 sc.civitates;videadl,tr,n.1,et
736 3532 789 3580 cap.
814 3517 842 3570 5,
859 3531 915 3580 pag.
937 3517 1056 3574 121,uhi
1067 3517 1245 3582 senrtsimpro·
1322 3569 1323 3577 ,

184 3601 284 3660 Ill‚t7,
298 3589 322 3645 n.
344 3613 366 3643 ι.
737 3596 790 3659 prie
808 3605 832 3642 et
850 3611 894 3658 per
907 3595 1008 3643 abusum
1028 3613 1074 3660 pro
1094 3613 1178 3654 usura,
1192 3613 1246 3660 quae

220 3683 244 3734 4.
259 3678 304 3724 'Ad
320 3676 481 3741 spernendam
500 3674 618 3740 originem
639 3674 696 3722 novi
737 3674 848 3738 pecuniae
863 3673 961 3722 creditae
971 3685 1061 3737 praeter
1073 3685 1162 3720 sortem
1175 3667 1247 3722 ¹acce-

184 3755 253 3821 regni
263 3755 412 3820 Pergameni.
431 3755 510 3815 Huius
531 3753 591 3801 fines
611 3751 695 3818 ampli·
738 3752 775 3800 dit
785 3787 792 3809 ,
802 3752 851 3799 dici
860 3753 1001 3800 contendit:
1012 3752 1080 3815 quod
1091 3754 1201 3801 Gronov.
1216 3752 1247 3800 de

184 3833 266 3883 licavit
285 3837 418 3895 Eumenes,
433 3834 532 3896 ejusque
543 3845 613 3898 pater
631 3835 695 3880 Atta·
738 3833 794 3880 Pec.
805 3831 861 3878 Vet.
877 3833 922 3888 IV,
944 3847 972 3883 1,
986 3842 1011 3878 et
1026 3831 1104 3877 Mant.
1123 3831 1179 3879 Pcc.
1191 3832 1247 3880 Vet.

183 3914 221 3960 lus
245 3914 338 3976 primus
359 3913 454 3976 regium
471 3905 575 3960 adscivit
596 3927 693 3959 nomeu.
738 3912 759 3972 1,
768 3909 921 3966 confutavit,
933 3908 1025 3957 Duker.
1040 3935 1073 3944 -
1084 3911 1148 3956 lusti
1162 3911 1249 3958 crediti

185 3980 364 4051 ccxxxm,
381 3992 632 4049 21,01xxxv111‚
652 3991 693 4053 ³9·
737 3989 880 4036 solutionem
891 4005 901 4044 ,·
921 3986 977 4034 vtae
997 3987 1028 4034 aa
1044 3988 1088 4046 vr,
1114 3997 1160 4048 14,
1176 4005 1201 4036 n.
1222 3991 1246 4037 a.

221 4072 246 4119 5.
256 4073 296 4118 Ea
307 4069 466 4136 contagione,
477 4071 546 4117 vetut
556 4070 635 4125 tabes,
647 4078 693 4116 etc.
738 4068 801 4115 Mox
819 4076 875 4114 ante
888 4081 1009 4112 annorum
1028 4066 1142 4115 numerus
1164 4083 1247 4115 eorum

185 4152 241 4200 vide
257 4151 289 4198 ad
303 4151 434 4208 XXXIX,
452 4164 484 4210 9,
497 4164 522 4195 n.
540 4164 561 4194 1.
577 4146 660 4195 Scribe
672 4158 695 4194 ee
739 4145 858 4193 excidisse
872 4143 974 4192 videtur.
