2982 4702
256 413 323 503 174
677 407 715 472 T·
749 407 890 473 lell
1165 392 1294 493 iiiiii]

252 530 374 601 castris
395 539 521 623 capto,
540 525 711 594 nuntium
734 525 779 594 ad
798 525 983 598 consulem
1009 531 1199 602 remittunt
1214 558 1222 600 :
1230 558 1319 628 per·
1348 579 1352 584 -

253 655 394 710 ventum
414 637 466 706 ud
483 635 620 704 hostem
641 659 733 721 esse,
751 633 829 705 loco
847 661 886 704 se
904 653 979 707 tuto
997 641 1098 710 etad
1113 647 1238 712 omnia
1251 668 1320 740 op·

246 765 405 848 portuno
419 745 637 830 cometiae,-
650 760 703 830 ut,
718 762 896 841 quantum
911 749 1104 820 extendere
1118 756 1319 846 iterposset‚

251 871 534 955 consequeretur.
550 853 710 926 Sollicito
725 856 882 943 consuli,
895 871 931 927 et
942 872 1090 956 propter
1103 860 1241 930 itineris
1254 860 1320 934 dif-

251 969 470 1050 ficultatem,
492 963 592 1062 quod
612 965 794 1062 ingressus
817 981 913 1051 erat,
939 980 974 1037 et
1001 965 1154 1038 eorum3
1176 970 1317 1058 vicem,
1341 1031 1345 1036 .

251 1104 342 1178 quos
363 1100 498 1176 paucos
519 1077 616 1144 inter
637 1075 756 1145 media
777 1075 938 1172 praesidia
959 1076 1116 1148 hostium
1139 1081 1318 1176 praemise-

249 1207 325 1277 rat,
347 1184 559 1260 nuntiusad
582 1185 790 1256 Ascuridem
807 1184 974 1283 paludem
993 1190 1160 1258 occurrit.
1184 1190 1317 1262 Addita

249 1305 358 1399 igitur
377 1313 412 1370 et
430 1299 499 1396 ipsi
517 1295 648 1368 fiducia
669 1311 742 1378 est,
759 1295 1039 1394 conjunctisque
1051 1299 1184 1395 copiis,
1202 1315 1317 1372 castra
1337 1359 1340 1364 .

249 1410 411 1497 tumulo,
429 1411 493 1505 qui
515 1405 719 1494 tenebatur,
737 1431 808 1503 qua
826 1408 1047 1504 aptissimum
1065 1409 1110 1477 ad
1123 1409 1192 1480 loci
1210 1427 1315 1481 natu·

246 1547 322 1593 ram
339 1534 439 1602 erat,
456 1533 544 1588 sunt
565 1517 746 1587 acclinata.
772 1519 856 1587 Non
877 1515 1035 1590 hostium
1055 1516 1165 1587 modo
1180 1533 1313 1608 castra,

245 1631 326 1731 quae
352 1631 460 1728 paulo
486 1629 568 1725 plus
596 1626 694 1696 mille
716 1650 887 1730 passuum
910 1611 1081 1714 aberant,
1105 1627 1169 1698 sed
1193 1631 1315 1700 omnis

244 1746 345 1842 regio
368 1741 412 1811 ad
432 1741 540 1810 Dium
561 1753 597 1809 et
619 1736 758 1807 Philam
777 1761 914 1833 oraque
931 1738 1060 1824 maris,
1082 1737 1150 1808 late
1167 1754 1314 1834 patente

246 1878 290 1924 ex·
304 1869 376 1923 tam
391 1850 564 1944 altojugo
582 1861 795 1945 prospectu,
809 1847 922 1917 oculis
939 1844 1133 1937 subjicitur.
1151 1849 1313 1936 Quaeres

245 1960 408 2034 accendit
429 1959 534 2028 militi
553 1959 710 2044 animos,
733 1972 922 2054 postquam
942 1944 1118 2026 summam
1140 1954 1252 2028 bellit
1270 1982 1313 2028 ac

244 2076 358 2168 regias
376 2092 502 2138 omnes
524 2067 645 2164 copias
664 2082 868 2164 terramque
893 2066 1060 2138 hostilem
1085 2082 1156 2136 tam
1180 2092 1200 2138 e
1225 2093 1311 2166 pro-

244 2182 385 2278 pinquo
400 2190 676 2274 conspexerunt.
696 2182 822 2274 Itaque
840 2201 956 2273 quum
972 2177 1121 2260 alacres,
1135 2191 1311 2274 protenus
1327 2219 1329 2224 ·

244 2293 392 2372 duceret
420 2287 462 2357 ad
494 2302 607 2358 castra
632 2285 816 2369 hostium,
844 2285 1026 2356 consulem
1054 2285 1310 2371 hortarentun

244 2403 320 2472 dies
338 2424 433 2470 unus
453 2396 553 2467 fessis
569 2395 694 2467 labore
708 2397 773 2466 viae
788 2397 833 2467 ad
850 2399 1010 2492 quietem
1025 2395 1129 2466 datus
1145 2406 1209 2467 estss
1226 2403 1310 2468 Ter·

242 2514 293 2582 tio
308 2509 366 2580 die
378 2505 404 2596 ⁵,
425 2521 527 2605 parte
538 2507 734 2604 copiarum
758 2506 802 2576 ad
820 2506 1026 2605 praesidium
1042 2522 1241 2578 castrorum
1256 2535 1309 2579 re·

243 2621 342 2703 licta,
358 2617 482 2688 consui
500 2616 543 2686 ad
558 2616 698 2686 hostem
714 2616 823 2687 ducit.
839 2643 842 2647 ·

288 2733 348 2799 IV.
382 2727 526 2824 Hippias
556 2750 673 2825 nuper
699 2726 743 2795 ad
771 2725 948 2798 tuendum
965 2727 1127 2798 'saltum1
1155 2727 1201 2798 ab
1222 2753 1307 2827 rege

243 2841 370 2910 missus
396 2850 495 2920 erat3
521 2838 607 2932 qui,
632 2860 676 2905 ex
698 2861 773 2932 quo
800 2850 914 2906 castra
938 2861 1086 2907 romana
1105 2839 1141 2908 in
1162 2839 1306 2912 tumulo

240 2949 449 3048 conspexit,
476 2947 681 3044 praeparatis
707 2946 752 3017 ad
779 2961 961 3017 certamen
986 2949 1113 3018 animis
1138 2950 1306 3035 suorum,

240 3059 400 3132 venienti
424 3059 557 3156 agmini
576 3057 732 3127 consulis
753 3056 882 3128 obvius
904 3054 981 3128 fuit.
1009 3062 1052 3128 Et
1071 3060 1222 3128 Romani
1242 3081 1305 3128 ex-

241 3169 352 3268 pediti
372 3169 414 3236 ad
434 3193 591 3264 pugnam
610 3171 791 3253 exierant,
811 3181 846 3237 et
862 3165 984 3238 hostes
1001 3194 1009 3234 :
1025 3166 1111 3237 levis
1125 3183 1305 3238 armatura

241 3294 336 3364 erat,
363 3279 672 3376 promptissimum
701 3283 814 3376 genus
843 3276 888 3346 ad
915 3277 1162 3348 lacessendum
1187 3267 1303 3349 certa·

242 3412 335 3457 men.
372 3389 563 3482 Congressi
596 3390 703 3485 igitur
736 3386 919 3484 extemplo
954 3388 1023 3458 teia
1056 3387 1300 3483 conjecerunt.

241 3498 356 3568 Multa
370 3498 553 3592 utrimque
568 3498 715 3568 vulnera
729 3497 920 3568 temerario
935 3499 1082 3569 incursu
1094 3513 1129 3568 et
1141 3515 1301 3596 accepta,

276 3668 300 3714 3.
311 3664 419 3712 Sollicito
428 3664 523 3711 consuli
531 3675 556 3712 et
563 3678 665 3728 propter
677 3664 747 3712 itine-
793 3663 849 3719 dic,
868 3673 914 3709 etc.
929 3663 986 3710 vide
999 3664 1030 3712 ad
1044 3665 1087 3712 lib.
1099 3667 1160 3722 XL,
1178 3681 1211 3712 aa
1220 3700 1227 3724 ‚
1237 3682 1261 3712 n.
1278 3682 1301 3715 1.

240 3745 271 3791 ris
294 3742 478 3812 difficultatem,
500 3754 525 3789 ct
545 3753 646 3807 propter
666 3759 748 3790 corum
829 3744 940 3790 Camlv.
959 3759 980 3788 1.
1001 3743 1044 3789 Ad
1061 3744 1175 3790 tuendum
1196 3746 1299 3802 saltum,

240 3824 333 3878 vicem,
348 3833 395 3868 etc.
408 3822 474 3869 conf.
485 3822 517 3869 nd
528 3823 552 3878 1,
569 3822 618 3878 25,
631 3838 656 3870 n.
667 3823 691 3867 5.
793 3831 840 3869 etc.
851 3821 916 3868 conf.
929 3821 960 3868 ad
969 3837 1023 3884 cap.
1036 3838 1050 3868 2
1064 3835 1126 3871 extr.
1137 3850 1172 3858 —
1183 3822 1248 3871 hvis
1259 3840 1301 3870 ar·

277 3903 431 3956 4.Summum
444 3900 515 3955 tetti;
530 3900 586 3947 vide
601 3900 633 3946 ud
649 3901 700 3957 ΙΙΙ,
720 3901 749 3961 5,
793 3911 891 3947 matura
914 3913 981 3958 erat,
1006 3912 1052 3950 etc.
1073 3903 1125 3950 haec
1146 3902 1241 3950 eddidit
1263 3904 1302 3950 Li·

202 3965 209 3974 „
240 3996 265 4026 n.
277 3980 302 4026 6.
315 4004 349 4013 -
362 3979 556 4040 conspexerunt,
567 3994 600 4024 sc.
612 3963 749 4024 milites.-
794 3979 863 4034 vius,
878 3991 905 4026 ut
914 3982 1091 4043 apparerct‚in
1103 3998 1153 4044 quo
1167 3998 1240 4029 sensu
1252 3993 1300 4028 tam

239 4059 394 4104 Proterncsut
406 4055 608 4103 detccretmilitea.
793 4059 897 4104 Romani
919 4075 991 4121 quam
1012 4058 1093 4106 hostes
1112 4061 1220 4124 expediti
1241 4059 1300 4106 dicti

276 4135 299 4182 5.
312 4134 370 4181 Dies
382 4149 443 4180 unies
449 4133 523 4198 fessis
537 4134 631 4182 labore.
640 4167 660 4182 ..
678 4135 748 4182 tertio
798 4140 854 4184 sint.
866 4138 909 4182 En.
