2982 4702
270 364 337 438 106
687 369 725 435 r.
760 369 901 438 mvn
1179 349 1304 454 &23:332

262 511 371 560 «rare
386 488 472 574 erit,
496 509 604 584 quam
621 486 691 560 illis
704 485 970 586 trepidantibus
988 485 1076 575 luit3
1105 492 1334 587 transgressi·

260 631 279 666 c
294 623 367 696 que
386 597 568 694 extemplo
587 611 701 699 castra
718 595 1032 695 oppugnabimus,
1051 621 1130 694 quae
1147 597 1258 670 hodie
1276 623 1334 670 ce·

262 697 490 806 «pissemus,
515 708 553 777 ni
576 704 759 806 fugissent.
789 710 879 795 Aut,
910 708 940 778 si
957 707 1032 777 acie
1052 706 1247 777 decernere
1264 731 1329 778 vo·

261 818 389 904 «lent,
404 815 572 888 eumdem
586 836 717 913 pugnae
733 813 909 913 pedestris
922 829 1090 887 eventum
1107 829 1330 912 exspectate,

261 957 278 992 a
291 927 356 1024 qui
374 927 537 1023 equitum
555 927 594 996 in
614 924 808 997 certamine
830 924 939 997 fuerit
949 923 975 995 ³.
991 955 1009 992 »
1025 929 1071 996 Et
1087 928 1152 1022 qui
1169 928 1330 997 vicerant

260 1037 415 1123 alacres,
440 1036 553 1134 spolia
576 1059 751 1106 caesorum
775 1035 936 1106 hostium
958 1029 1119 1107 liumeris
1141 1050 1329 1133 gerentes,

261 1161 345 1218 ante
363 1171 426 1216 ora
446 1169 509 1216 sua
528 1142 735 1233 audiverat,
753 1170 796 1216 ex
816 1167 879 1233 eo,
894 1145 995 1242 quod
1010 1143 1206 1230 acciderat,
1226 1167 1329 1242 spem

258 1253 372 1326 fittdri
391 1255 662 1352 praecipientes:
683 1269 719 1324 et
737 1253 891 1352 pedites,
911 1255 1027 1326 aliena
1042 1254 1156 1352 gloria
1170 1256 1327 1341 accensi,

259 1366 438 1465 praecipue
455 1366 521 1462 qui
536 1363 777 1435 Macedonum
795 1361 983 1462 phalangis
1002 1367 1121 1450 e'rant,
1144 1361 1213 1434 sibi
1236 1388 1328 1460 quo·

259 1496 334 1572 que
353 1489 389 1546 et
415 1473 586 1546 navandae
607 1473 685 1568 regi
710 1496 850 1570 operae,
879 1489 915 1544 et
941 1471 1093 1544 similem
1113 1472 1265 1568 gloriam
1283 1497 1328 1543 ex

259 1584 365 1658 hoste
388 1582 572 1682 pariendi,
600 1584 826 1654 occasionem
854 1581 1037 1680 optabant.
1065 1583 1252 1653 Concione
1273 1577 1327 1651 di·

222 1751 224 1764 .
261 1695 389 1781 missa,
407 1708 555 1791 postero
576 1691 633 1763 die
652 1689 836 1789 profectus
853 1689 937 1762 inde
955 1689 1002 1761 ad
1019 1685 1251 1787 Mopselum⁵
1266 1713 1327 1787 po·

259 1807 332 1876 suit
347 1818 482 1874 castra:
508 1802 669 1874 tumulus
684 1802 743 1872 hic
757 1803 851 1873 inter
866 1806 1001 1898 Tempe
1013 1815 1051 1872 et
1065 1800 1242 1872 Larissam
1255 1823 1326 1870 me·

262 1914 345 1986 dius
362 1927 428 1984 est.
925 1967 928 1974 ,

308 2027 417 2094 LXII.
450 2019 627 2107 Romani,
657 2019 733 2092 non
759 2019 994 2092 abscedentes
1019 2017 1066 2090 ab
1093 2019 1171 2116 ripa
1197 2019 1326 2107 Penei,

260 2133 523 2204 transtulerunt
538 2134 576 2202 in
596 2131 716 2203 locum
730 2133 902 2202 tutiorem
918 2145 1042 2201 castra.
1061 2132 1114 2202 Eo
1128 2130 1327 2226 Misagenes

260 2242 416 2334 Numida
432 2242 533 2312 venit
552 2265 635 2313 oum
654 2241 752 2317 mille
771 2239 976 2338 equitibus,
995 2241 1072 2338 pari
1086 2239 1249 2337 peditum
1264 2261 1329 2309 nu-

260 2377 381 2438 mero,
406 2351 549 2424 adhoc
572 2351 774 2448 elephantis
796 2350 940 2422 duobus
964 2365 1001 2422 et
1021 2350 1157 2446 viginti.
1181 2355 1248 2420 Per
1266 2372 1327 2420 eos

260 2463 337 2534 dies
359 2460 550 2533 consilium
573 2459 724 2532 habenti
747 2461 825 2558 regi
849 2459 894 2532 de
921 2471 1099 2546 summa¹‚
1122 2483 1238 2556 quum
1253 2459 1326 2555 jam

261 2571 481 2643 consedisset
505 2569 639 2642 ferocia
663 2570 709 2642 ab
725 2596 765 2643 re
781 2569 878 2642 bene
896 2585 1013 2668 gesta,
1039 2570 1116 2640 ausi
1141 2583 1227 2640 sunt
1246 2569 1325 2666 qui-

258 2759 303 2809 lilii
316 2771 453 2808 senatorum
472 2775 602 2821 eorumve,
615 2759 657 2824 qui
676 2759 770 2808 divitiis
813 2761 923 2826 ipsorum
953 2760 1054 2825 gloriam
1073 2770 1225 2824 specurrent3
1248 2775 1326 2824 oppo-

258 2851 283 2888 et
298 2838 415 2902 dignitate
434 2836 578 2897 eminerenn
597 2836 664 2886 unde
680 2831 771 2888 nomen
813 2849 907 2887 nuntur
920 2839 962 2897 iis,
975 2839 1017 2902 qul
1030 2839 1152 2895 vicerant,
1162 2838 1258 2901 pedites
1267 2837 1327 2886 alic·

253 2918 370 2985 juvenum
385 2919 488 2966 mansit:
503 2917 547 2966 sed
558 2927 583 2967 et
593 2917 692 2982 juvenes
706 2919 771 2966 anti·
814 2933 849 2965 na
858 2915 941 2982 gloria
950 2915 1059 2981 circensi)
1068 2916 1196 2974 mediocre,
1210 2927 1257 2966 etc.
1266 2918 1327 2980 Qun

259 2998 315 3063 quis
335 2997 366 3046 ad
389 3013 480 3046 annum
500 2999 569 3044 va
587 2996 662 3046 dicti:
681 2997 773 3061 equites
816 2998 879 3046 tatio
892 2998 913 3045 si
926 2996 1111 3060 minusplaeet,
1124 2996 1327 3060 acquiescendum

259 3077 416 3126 seminarium
425 3087 537 3133 senatus,
546 3087 593 3124 etc.
603 3074 669 3139 Lips.
679 3075 710 3123 de
721 3079 772 3125 Ma-
815 3077 862 3124 erit
871 3076 898 3124 in
909 3076 1079 3124 emendatione
1092 3076 1222 3126 Gronovii.
1234 3077 1280 3126 En.

260 3157 320 3222 gnit.
331 3159 404 3205 Rom.
419 3157 464 3214 IV,
474 3166 500 3201 a.
853 3155 877 3204 5.
889 3155 934 3203 Ad
943 3153 1078 3218 Mopselum
1091 3153 1148 3203 edd.
1162 3165 1222 3202 vett.
1236 3153 1263 3202 h.
1276 3153 1327 3202 let

296 3237 321 3283 3.
333 3234 381 3296 Qui
392 3232 499 3297 equitum
510 3231 535 3280 ic
546 3232 678 3281 certamine
677 3233 772 3298 jecerit,
817 3251 872 3300 cap.
884 3235 916 3296 67
928 3250 968 3298 pr.
981 3250 1028 3298 pro
1041 3249 1092 3297 quo
1103 3233 1226 3298 Mopsiani
1238 3233 1326 3281 substi-

260 3310 526 3376 lortclcgendumficit.
817 3324 886 3362 tuere
900 3312 986 3377 Sigon.
999 3322 1136 3361 ctreccntt.
1150 3311 1265 3360 editores·
1276 3311 1328 3364 tte'·

295 3399 321 3447 4.
333 3393 367 3438 Et
376 3390 420 3454 qui
431 3389 546 3438 vicerant
562 3390 672 3453 alacres,
692 3390 773 3455 spolie
817 3389 867 3461 ψιον
882 3408 941 3456 opp,
953 3388 1328 3454 pomponiensem-slim·

260 3469 366 3519 inesceris
378 3477 502 3533 gerentes,
517 3479 575 3516 aute
585 3484 632 3516 ora
646 3483 692 3516 sua
701 3469 773 3516 andi-
815 3472 908 3535 Mopso
916 3471 1019 3535 lapitha
1027 3471 1064 3518 sio
1072 3469 1239 3530 (lictum3vid.
1248 3469 1328 3518 strata

259 3549 416 3606 vere,·immo
424 3544 547 3612 facinora
565 3556 607 3594 eut
625 3547 773 3616 decorasse
817 3551 869 3608 tx,
888 3550 949 3606 443.
962 3549 1010 3597 Sed
1027 3548 1055 3599 h.
1073 3549 1091 3597 l.
1110 3549 1216 3598 nanctus
1237 3563 1327 3597 memo·

261 3627 395 3676 audivere.-
411 3641 468 3672 nam
479 3623 545 3672 illud
556 3623 702 3674 bifrontium
720 3637 774 3686 eet;
818 3639 894 3677 retru.

164 3714 169 3722 “
263 3708 342 3756 Gron.
361 3732 396 3742 -
415 3705 488 3752 Hunc
504 3703 589 3752 locum
607 3705 724 3769 Doering.
739 3705 774 3754 ita
852 3707 913 3756 Car.
925 3707 1004 3756 an.
1017 3723 1040 3754 r.
1056 3704 1189 3754 Consilium
1207 3703 1265 3754 tat.
1279 3703 1328 3770 regi

262 3785 391 3849 distinguit
408 3795 433 3832 et
452 3783 584 3847 explanat:
604 3793 628 3832 ee
647 3785 691 3848 qui
708 3785 774 3832 vice·
817 3785 848 3833 de
860 3802 970 3843 summa,
986 3786 1078 3834 excidit
1091 3786 1155 3833 forte
1167 3784 1240 3842 bellis
1254 3783 1327 3832 Drak.

261 3876 334 3921 rant,
349 3864 444 3911 alacres
454 3860 522 3928 (lacto
535 3863 772 3929 alacriqueenimo),
817 3865 889 3914 Conl'.
906 3865 938 3913 ad
949 3868 999 3927 111,
1015 3865 1045 3925 5,
1062 3881 1087 3915 n.
1107 3864 1138 3922 6,
1155 3863 1224 3912 etad
1237 3863 1290 3912 haec
1305 3875 1328 3911 ct

261 3940 341 4006 spolia
356 3956 473 3988 caesorum
487 3940 592 3992 hostium
610 3941 717 3990 humeris
731 3959 774 4008 ge·
818 3959 886 4008 seqq.
903 3945 936 3994 ed
947 3942 1021 3992 linem
1034 3961 1089 4010 cap.
1101 3939 1201 4007 Polybii
1213 3943 1328 3999 xxvn,

262 4031 340 4067 rentes
354 4031 412 4066 ante
425 4035 471 4066 era
485 4021 538 4086 (sc.
552 4021 669 4080 aliorum,
678 4021 705 4070 in
714 4038 775 4070 con·
820 4025 849 4082 8;
866 4023 930 4072 Plut.
947 4023 1076 4089 Apophtlr.
1094 4037 1150 4088 pag.
1169 4036 1228 4085 197,
1240 4033 1266 4070 et
1277 4023 1327 4086 Ap-

268 4109 355 4166 spectu
367 4097 470 4146 eliorum
481 4098 506 4164 ),
516 4115 561 4148 suc
573 4100 645 4165 (qun
653 4100 685 4150 ed
694 4117 731 4160 sc,
744 4101 775 4149 ad
818 4100 886 4165 pien.
895 4103 991 4152 Maced.
1001 4105 1042 4164 X,
1053 4104 1113 4152 Exc.
1123 4103 1328 4151 en-veseeu-
