<?xml version="1.0" encoding="UTF-8"?>
<!DOCTYPE html PUBLIC "-//W3C//DTD XHTML 1.0 Transitional//EN"
    "http://www.w3.org/TR/xhtml1/DTD/xhtml1-transitional.dtd">
<html xmlns="http://www.w3.org/1999/xhtml" xml:lang="en" lang="en">
 <head>
  <title>
</title>
<meta http-equiv="Content-Type" content="text/html;charset=utf-8" />
  <meta name='ocr-system' content='tesseract 3.04.00' />
  <meta name='ocr-capabilities' content='ocr_page ocr_carea ocr_par ocr_line ocrx_word'/>
</head>
<body>
  <div class='ocr_page' id='page_1' title='image "./titusliviuspata02freigoog_0391.png"; bbox 0 0 2970 4712; ppageno 0'>
   <div class='ocr_carea' id='block_1_1' title="bbox 262 321 1087 396">
    <p class='ocr_par' dir='ltr' id='par_1_1' title="bbox 262 321 1087 396">
     <span class='ocr_line' id='line_1_1' title="bbox 262 321 1087 396; baseline -0.007 -1"><span class='ocrx_word' id='word_1_1' title='bbox 262 323 331 396; x_wconf 74' lang='lat'><strong>382</strong></span> <span class='ocrx_word' id='word_1_2' title='bbox 504 323 542 389; x_wconf 91' lang='lat' dir='ltr'><strong>T.</strong></span> <span class='ocrx_word' id='word_1_3' title='bbox 569 322 709 390; x_wconf 92' lang='lat' dir='ltr'>LIVII</span> <span class='ocrx_word' id='word_1_4' title='bbox 743 321 1087 391; x_wconf 83' lang='lat' dir='ltr'><strong>FRAGMENTA.</strong></span> 
     </span>
    </p>
   </div>
   <div class='ocr_carea' id='block_1_2' title="bbox 260 441 1327 595">
    <p class='ocr_par' dir='ltr' id='par_1_2' title="bbox 260 441 1327 595">
     <span class='ocr_line' id='line_1_2' title="bbox 260 441 1327 512; baseline -0.009 -16"><span class='ocrx_word' id='word_1_5' title='bbox 260 449 368 504; x_wconf 70' lang='lat' dir='ltr'><strong>diuam,</strong></span> <span class='ocrx_word' id='word_1_6' title='bbox 378 462 434 511; x_wconf 77' lang='lat' dir='ltr'><strong>quae</strong></span> <span class='ocrx_word' id='word_1_7' title='bbox 443 446 514 492; x_wconf 79' lang='lat' dir='ltr'><strong>etiam</strong></span> <span class='ocrx_word' id='word_1_8' title='bbox 523 443 549 490; x_wconf 85' lang='lat' dir='ltr'><strong>in</strong></span> <span class='ocrx_word' id='word_1_9' title='bbox 557 441 616 492; x_wconf 87' lang='lat' dir='ltr'><strong>edit.</strong></span> <span class='ocrx_word' id='word_1_10' title='bbox 628 441 690 492; x_wconf 83' lang='lat' dir='ltr'><strong>Livii</strong></span> <span class='ocrx_word' id='word_1_11' title='bbox 700 445 775 500; x_wconf 75' lang='lat' dir='ltr'><strong>Drak,</strong></span> <span class='ocrx_word' id='word_1_12' title='bbox 784 445 872 506; x_wconf 60' lang='lat' dir='ltr'><strong>svn,</strong></span> <span class='ocrx_word' id='word_1_13' title='bbox 887 465 914 512; x_wconf 84' lang='lat' dir='ltr'><strong>p.</strong></span> <span class='ocrx_word' id='word_1_14' title='bbox 927 449 974 495; x_wconf 74' lang='lat'><strong>182</strong></span> <span class='ocrx_word' id='word_1_15' title='bbox 986 463 1023 510; x_wconf 84' lang='lat' dir='ltr'><strong>sq.</strong></span> <span class='ocrx_word' id='word_1_16' title='bbox 1032 446 1162 511; x_wconf 78' lang='lat' dir='ltr'><strong>reperitur.</strong></span> <span class='ocrx_word' id='word_1_17' title='bbox 1173 449 1204 494; x_wconf 83' lang='lat' dir='ltr'><strong>ln</strong></span> <span class='ocrx_word' id='word_1_18' title='bbox 1213 463 1240 494; x_wconf 68' lang='lat' dir='ltr'><strong>ea</strong></span> <span class='ocrx_word' id='word_1_19' title='bbox 1250 447 1327 511; x_wconf 63' lang='lat' dir='ltr'><strong>expli.</strong></span> 
     </span>
     <span class='ocr_line' id='line_1_3' title="bbox 260 528 1325 595; baseline -0.001 -18"><span class='ocrx_word' id='word_1_20' title='bbox 260 547 315 578; x_wconf 83' lang='lat' dir='ltr'><strong>care</strong></span> <span class='ocrx_word' id='word_1_21' title='bbox 328 529 426 594; x_wconf 83' lang='lat' dir='ltr'><strong>quidem</strong></span> <span class='ocrx_word' id='word_1_22' title='bbox 440 537 543 574; x_wconf 85' lang='lat' dir='ltr'><strong>conatur</strong></span> <span class='ocrx_word' id='word_1_23' title='bbox 555 528 726 576; x_wconf 83' lang='lat' dir='ltr'><strong>obscurissima</strong></span> <span class='ocrx_word' id='word_1_24' title='bbox 740 528 793 576; x_wconf 81' lang='lat' dir='ltr'><strong>haec</strong></span> <span class='ocrx_word' id='word_1_25' title='bbox 808 529 892 588; x_wconf 88' lang='lat' dir='ltr'><strong>verha;</strong></span> <span class='ocrx_word' id='word_1_26' title='bbox 902 529 946 577; x_wconf 83' lang='lat' dir='ltr'><strong>sed</strong></span> <span class='ocrx_word' id='word_1_27' title='bbox 956 529 1039 577; x_wconf 86' lang='lat' dir='ltr'><strong>multis</strong></span> <span class='ocrx_word' id='word_1_28' title='bbox 1050 530 1150 577; x_wconf 77' lang='lat' dir='ltr'><strong>tentatie</strong></span> <span class='ocrx_word' id='word_1_29' title='bbox 1158 529 1258 578; x_wconf 85' lang='lat' dir='ltr'><strong>tandem</strong></span> <span class='ocrx_word' id='word_1_30' title='bbox 1268 546 1325 595; x_wconf 84' lang='lat' dir='ltr'><strong>pro-</strong></span> 
     </span>
    </p>
   </div>
   <div class='ocr_carea' id='block_1_3' title="bbox 259 611 1326 746">
    <p class='ocr_par' dir='ltr' id='par_1_3' title="bbox 259 611 1326 746">
     <span class='ocr_line' id='line_1_4' title="bbox 260 611 1326 678; baseline 0.002 -20"><span class='ocrx_word' id='word_1_31' title='bbox 260 611 351 669; x_wconf 81' lang='lat' dir='ltr'><strong>fitetur,</strong></span> <span class='ocrx_word' id='word_1_32' title='bbox 365 628 391 659; x_wconf 83' lang='lat' dir='ltr'><strong>se</strong></span> <span class='ocrx_word' id='word_1_33' title='bbox 404 611 494 668; x_wconf 79' lang='lat' dir='ltr'><strong>vereri,</strong></span> <span class='ocrx_word' id='word_1_34' title='bbox 508 627 539 658; x_wconf 91' lang='lat' dir='ltr'><strong>ne</strong></span> <span class='ocrx_word' id='word_1_35' title='bbox 551 627 649 676; x_wconf 79' lang='lat' dir='ltr'>operam</span> <span class='ocrx_word' id='word_1_36' title='bbox 659 612 743 661; x_wconf 82' lang='lat' dir='ltr'><strong>luserit</strong></span> <span class='ocrx_word' id='word_1_37' title='bbox 752 623 776 660; x_wconf 88' lang='lat' dir='ltr'><strong>et</strong></span> <span class='ocrx_word' id='word_1_38' title='bbox 786 629 837 660; x_wconf 86' lang='lat' dir='ltr'><strong>non</strong></span> <span class='ocrx_word' id='word_1_39' title='bbox 848 614 927 677; x_wconf 85' lang='lat' dir='ltr'><strong>ipsum</strong></span> <span class='ocrx_word' id='word_1_40' title='bbox 940 613 1003 661; x_wconf 82' lang='lat' dir='ltr'><strong>sorte</strong></span> <span class='ocrx_word' id='word_1_41' title='bbox 1014 613 1122 672; x_wconf 87' lang='lat' dir='ltr'><strong>Livium,</strong></span> <span class='ocrx_word' id='word_1_42' title='bbox 1131 613 1176 662; x_wconf 82' lang='lat' dir='ltr'><strong>sed</strong></span> <span class='ocrx_word' id='word_1_43' title='bbox 1184 613 1326 678; x_wconf 84' lang='lat' dir='ltr'><strong>AEthiopem</strong></span> 
     </span>
     <span class='ocr_line' id='line_1_5' title="bbox 259 697 353 746; baseline 0.011 -2"><span class='ocrx_word' id='word_1_44' title='bbox 259 697 353 746; x_wconf 67' lang='lat' dir='ltr'><strong>levarit.</strong></span> 
     </span>
    </p>
   </div>
   <div class='ocr_carea' id='block_1_4' title="bbox 255 807 1324 1461">
    <p class='ocr_par' dir='ltr' id='par_1_4' title="bbox 255 807 1324 1461">
     <span class='ocr_line' id='line_1_6' title="bbox 305 807 1323 907; baseline 0.003 -29"><span class='ocrx_word' id='word_1_45' title='bbox 305 813 344 878; x_wconf 89' lang='lat' dir='ltr'><strong>T.</strong></span> <span class='ocrx_word' id='word_1_46' title='bbox 365 809 487 880; x_wconf 88' lang='lat' dir='ltr'><strong>Livius</strong></span> <span class='ocrx_word' id='word_1_47' title='bbox 502 822 576 880; x_wconf 91' lang='lat' dir='ltr'><strong>tam</strong></span> <span class='ocrx_word' id='word_1_48' title='bbox 592 810 744 906; x_wconf 85' lang='lat' dir='ltr'><strong>iniquus¹</strong></span> <span class='ocrx_word' id='word_1_49' title='bbox 755 808 920 881; x_wconf 84' lang='lat' dir='ltr'>Sallustio</span> <span class='ocrx_word' id='word_1_50' title='bbox 938 807 1026 896; x_wconf 85' lang='lat' dir='ltr'><strong>fuit,</strong></span> <span class='ocrx_word' id='word_1_51' title='bbox 1042 822 1085 880; x_wconf 89' lang='lat' dir='ltr'><strong>ut</strong></span> <span class='ocrx_word' id='word_1_52' title='bbox 1101 807 1196 879; x_wconf 92' lang='lat' dir='ltr'><strong>hanc</strong></span> <span class='ocrx_word' id='word_1_53' title='bbox 1209 810 1323 907; x_wconf 88' lang='lat' dir='ltr'>ipsam</span> 
     </span>
     <span class='ocr_line' id='line_1_7' title="bbox 258 919 1324 1009; baseline 0.001 -19"><span class='ocrx_word' id='word_1_54' title='bbox 258 920 491 1009; x_wconf 83' lang='lat' dir='ltr'><strong>sententiam,</strong></span> <span class='ocrx_word' id='word_1_55' title='bbox 512 921 763 992; x_wconf 80' lang='lat' dir='ltr'><strong>Res&#39;secundae</strong></span> <span class='ocrx_word' id='word_1_56' title='bbox 778 927 868 998; x_wconf 75' lang='lat' dir='ltr'><strong>mire</strong></span> <span class='ocrx_word' id='word_1_57' title='bbox 890 936 975 991; x_wconf 84' lang='lat' dir='ltr'><strong>sunt</strong></span> <span class='ocrx_word' id='word_1_58' title='bbox 988 925 1087 991; x_wconf 82' lang='lat' dir='ltr'><strong>vitiis</strong></span> <span class='ocrx_word' id='word_1_59' title='bbox 1106 919 1270 990; x_wconf 83' lang='lat' dir='ltr'><strong>obtentui</strong></span> <span class='ocrx_word' id='word_1_60' title='bbox 1287 935 1324 991; x_wconf 89' lang='lat' dir='ltr'><strong>et</strong></span> 
     </span>
     <span class='ocr_line' id='line_1_8' title="bbox 256 1029 1321 1130; baseline 0.002 -31"><span class='ocrx_word' id='word_1_61' title='bbox 256 1044 428 1127; x_wconf 90' lang='lat' dir='ltr'><strong>tanquam</strong></span> <span class='ocrx_word' id='word_1_62' title='bbox 460 1031 689 1120; x_wconf 82' lang='lat' dir='ltr'><strong>translatam,</strong></span> <span class='ocrx_word' id='word_1_63' title='bbox 724 1047 760 1102; x_wconf 91' lang='lat' dir='ltr'><strong>et</strong></span> <span class='ocrx_word' id='word_1_64' title='bbox 791 1047 963 1130; x_wconf 90' lang='lat' dir='ltr'><strong>tanquam</strong></span> <span class='ocrx_word' id='word_1_65' title='bbox 994 1046 1202 1129; x_wconf 79' lang='lat' dir='ltr'><strong>corruptam</strong></span> <span class='ocrx_word' id='word_1_66' title='bbox 1235 1029 1321 1101; x_wconf 91' lang='lat' dir='ltr'><strong>dum</strong></span> 
     </span>
     <span class='ocr_line' id='line_1_9' title="bbox 255 1140 1322 1236; baseline 0.002 -26"><span class='ocrx_word' id='word_1_67' title='bbox 255 1140 483 1229; x_wconf 83' lang='lat' dir='ltr'><strong>transfertur,</strong></span> <span class='ocrx_word' id='word_1_68' title='bbox 508 1140 681 1236; x_wconf 85' lang='lat' dir='ltr'><strong>objiceret</strong></span> <span class='ocrx_word' id='word_1_69' title='bbox 699 1141 876 1213; x_wconf 78' lang='lat' dir='ltr'><strong>Sallustio.</strong></span> <span class='ocrx_word' id='word_1_70' title='bbox 900 1147 974 1215; x_wconf 90' lang='lat' dir='ltr'><strong>Nec</strong></span> <span class='ocrx_word' id='word_1_71' title='bbox 991 1142 1062 1211; x_wconf 93' lang='lat' dir='ltr'><strong>hoc</strong></span> <span class='ocrx_word' id='word_1_72' title='bbox 1079 1164 1202 1211; x_wconf 87' lang='lat' dir='ltr'><strong>amore</strong></span> <span class='ocrx_word' id='word_1_73' title='bbox 1223 1142 1322 1212; x_wconf 91' lang='lat' dir='ltr'><strong>Thu-</strong></span> 
     </span>
     <span class='ocr_line' id='line_1_10' title="bbox 255 1248 1321 1350; baseline 0.003 -31"><span class='ocrx_word' id='word_1_74' title='bbox 255 1250 393 1346; x_wconf 86' lang='lat' dir='ltr'><strong>cydidis</strong></span> <span class='ocrx_word' id='word_1_75' title='bbox 417 1250 520 1337; x_wconf 86' lang='lat' dir='ltr'><strong>facit,</strong></span> <span class='ocrx_word' id='word_1_76' title='bbox 546 1266 587 1321; x_wconf 93' lang='lat' dir='ltr'><strong>ut</strong></span> <span class='ocrx_word' id='word_1_77' title='bbox 611 1251 713 1322; x_wconf 92' lang='lat' dir='ltr'><strong>illum</strong></span> <span class='ocrx_word' id='word_1_78' title='bbox 735 1251 909 1350; x_wconf 79' lang='lat' dir='ltr'><strong>praeferat.</strong></span> <span class='ocrx_word' id='word_1_79' title='bbox 932 1248 1091 1339; x_wconf 89' lang='lat' dir='ltr'><strong>Laudat,</strong></span> <span class='ocrx_word' id='word_1_80' title='bbox 1113 1275 1223 1347; x_wconf 84' lang='lat' dir='ltr'><strong>quem</strong></span> <span class='ocrx_word' id='word_1_81' title='bbox 1246 1277 1321 1322; x_wconf 89' lang='lat' dir='ltr'><strong>non</strong></span> 
     </span>
     <span class='ocr_line' id='line_1_11' title="bbox 255 1360 1322 1461; baseline 0.001 -30"><span class='ocrx_word' id='word_1_82' title='bbox 255 1362 377 1449; x_wconf 88' lang='lat' dir='ltr'><strong>timet,</strong></span> <span class='ocrx_word' id='word_1_83' title='bbox 397 1376 432 1432; x_wconf 91' lang='lat' dir='ltr'><strong>et</strong></span> <span class='ocrx_word' id='word_1_84' title='bbox 450 1360 586 1432; x_wconf 83' lang='lat' dir='ltr'><strong>facilius</strong></span> <span class='ocrx_word' id='word_1_85' title='bbox 604 1377 706 1460; x_wconf 90' lang='lat' dir='ltr'><strong>putat</strong></span> <span class='ocrx_word' id='word_1_86' title='bbox 724 1388 831 1461; x_wconf 88' lang='lat' dir='ltr'><strong>posse</strong></span> <span class='ocrx_word' id='word_1_87' title='bbox 848 1387 867 1434; x_wconf 90' lang='lat' dir='ltr'><strong>a</strong></span> <span class='ocrx_word' id='word_1_88' title='bbox 886 1387 923 1433; x_wconf 89' lang='lat' dir='ltr'><strong>se</strong></span> <span class='ocrx_word' id='word_1_89' title='bbox 941 1361 1147 1433; x_wconf 88' lang='lat' dir='ltr'><strong>Sallustium</strong></span> <span class='ocrx_word' id='word_1_90' title='bbox 1163 1363 1277 1450; x_wconf 88' lang='lat' dir='ltr'><strong>vinci,</strong></span> <span class='ocrx_word' id='word_1_91' title='bbox 1293 1365 1322 1432; x_wconf 92' lang='lat' dir='ltr'><strong>si</strong></span> 
     </span>
    </p>
   </div>
   <div class='ocr_carea' id='block_1_5' title="bbox 255 1471 788 1656">
    <p class='ocr_par' dir='ltr' id='par_1_5' title="bbox 255 1471 788 1656">
     <span class='ocr_line' id='line_1_12' title="bbox 255 1471 788 1569; baseline 0 -27"><span class='ocrx_word' id='word_1_92' title='bbox 255 1487 339 1542; x_wconf 89' lang='lat' dir='ltr'><strong>ante</strong></span> <span class='ocrx_word' id='word_1_93' title='bbox 354 1496 374 1541; x_wconf 93' lang='lat' dir='ltr'><strong>a</strong></span> <span class='ocrx_word' id='word_1_94' title='bbox 389 1471 598 1569; x_wconf 85' lang='lat' dir='ltr'><strong>Thucydide</strong></span> <span class='ocrx_word' id='word_1_95' title='bbox 615 1475 788 1546; x_wconf 86' lang='lat' dir='ltr'><strong>vincatur.</strong></span> 
     </span>
     <span class='ocr_line' id='line_1_13' title="bbox 308 1598 650 1656; baseline 0.009 -12"><span class='ocrx_word' id='word_1_96' title='bbox 308 1599 411 1656; x_wconf 81' lang='lat' dir='ltr'><strong>Seneca,</strong></span> <span class='ocrx_word' id='word_1_97' title='bbox 424 1598 544 1646; x_wconf 85' lang='lat' dir='ltr'><strong>Controv.</strong></span> <span class='ocrx_word' id='word_1_98' title='bbox 555 1601 650 1648; x_wconf 79' lang='lat' dir='ltr'><strong>xxw.</strong></span> 
     </span>
    </p>
   </div>
   <div class='ocr_carea' id='block_1_6' title="bbox 254 1719 1321 1918">
    <p class='ocr_par' dir='ltr' id='par_1_6' title="bbox 254 1719 1321 1918">
     <span class='ocr_line' id='line_1_14' title="bbox 302 1719 1318 1819; baseline 0 -30"><span class='ocrx_word' id='word_1_99' title='bbox 302 1725 341 1789; x_wconf 91' lang='lat' dir='ltr'><strong>T.</strong></span> <span class='ocrx_word' id='word_1_100' title='bbox 362 1720 482 1790; x_wconf 91' lang='lat' dir='ltr'><strong>Livius</strong></span> <span class='ocrx_word' id='word_1_101' title='bbox 499 1720 544 1791; x_wconf 90' lang='lat' dir='ltr'><strong>de</strong></span> <span class='ocrx_word' id='word_1_102' title='bbox 564 1719 789 1807; x_wconf 83' lang='lat' dir='ltr'><strong>oratoribus,</strong></span> <span class='ocrx_word' id='word_1_103' title='bbox 809 1722 874 1819; x_wconf 92' lang='lat' dir='ltr'><strong>qui</strong></span> <span class='ocrx_word' id='word_1_104' title='bbox 893 1720 1003 1792; x_wconf 84' lang='lat' dir='ltr'><strong>verba</strong></span> <span class='ocrx_word' id='word_1_105' title='bbox 1022 1721 1172 1817; x_wconf 89' lang='lat' dir='ltr'><strong>antiqua</strong></span> <span class='ocrx_word' id='word_1_106' title='bbox 1188 1734 1226 1790; x_wconf 87' lang='lat' dir='ltr'><strong>et</strong></span> <span class='ocrx_word' id='word_1_107' title='bbox 1242 1743 1318 1791; x_wconf 87' lang='lat' dir='ltr'><strong>sor-</strong></span> 
     </span>
     <span class='ocr_line' id='line_1_15' title="bbox 254 1828 1321 1918; baseline -0.003 -17"><span class='ocrx_word' id='word_1_108' title='bbox 254 1828 338 1901; x_wconf 91' lang='lat' dir='ltr'><strong>dida</strong></span> <span class='ocrx_word' id='word_1_109' title='bbox 356 1844 622 1918; x_wconf 89' lang='lat' dir='ltr'><strong>consectantur,</strong></span> <span class='ocrx_word' id='word_1_110' title='bbox 643 1846 679 1901; x_wconf 91' lang='lat' dir='ltr'><strong>et</strong></span> <span class='ocrx_word' id='word_1_111' title='bbox 701 1831 873 1902; x_wconf 89' lang='lat' dir='ltr'><strong>orationis</strong></span> <span class='ocrx_word' id='word_1_112' title='bbox 888 1831 1144 1902; x_wconf 88' lang='lat' dir='ltr'><strong>obscuritatem</strong></span> <span class='ocrx_word' id='word_1_113' title='bbox 1158 1831 1321 1901; x_wconf 88' lang='lat' dir='ltr'><strong>severita-</strong></span> 
     </span>
    </p>
   </div>
   <div class='ocr_carea' id='block_1_7' title="bbox 187 1939 1320 2038">
    <p class='ocr_par' dir='ltr' id='par_1_7' title="bbox 187 1939 1320 2038">
     <span class='ocr_line' id='line_1_16' title="bbox 187 1939 1320 2038; baseline 0 -29"><span class='ocrx_word' id='word_1_114' title='bbox 187 1949 193 1959; x_wconf 86' lang='lat'>&#39;</span> <span class='ocrx_word' id='word_1_115' title='bbox 253 1955 327 2009; x_wconf 91' lang='lat' dir='ltr'><strong>tem</strong></span> <span class='ocrx_word' id='word_1_116' title='bbox 353 1953 505 2035; x_wconf 89' lang='lat' dir='ltr'><strong>putant,</strong></span> <span class='ocrx_word' id='word_1_117' title='bbox 537 1939 674 2030; x_wconf 89' lang='lat' dir='ltr'><strong>aiebat,</strong></span> <span class='ocrx_word' id='word_1_118' title='bbox 704 1940 902 2016; x_wconf 88' lang='lat' dir='ltr'><strong>Miltiadem</strong></span> <span class='ocrx_word' id='word_1_119' title='bbox 927 1941 1111 2014; x_wconf 87' lang='lat' dir='ltr'><strong>rhetorem</strong></span> <span class='ocrx_word' id='word_1_120' title='bbox 1139 1941 1320 2038; x_wconf 83' lang='lat' dir='ltr'><strong>eleganter</strong></span> 
     </span>
    </p>
   </div>
   <div class='ocr_carea' id='block_1_8' title="bbox 253 2047 862 2218">
    <p class='ocr_par' dir='ltr' id='par_1_8' title="bbox 253 2047 862 2218">
     <span class='ocr_line' id='line_1_17' title="bbox 253 2047 752 2130; baseline 0.002 -18"><span class='ocrx_word' id='word_1_121' title='bbox 253 2047 384 2119; x_wconf 81' lang='lat' dir='ltr'><strong>dixisse</strong></span> <span class='ocrx_word' id='word_1_122' title='bbox 397 2047 446 2110; x_wconf 63' lang='grc' dir='ltr'><strong>Ἐπὶ</strong></span> <span class='ocrx_word' id='word_1_123' title='bbox 456 2065 491 2130; x_wconf 78' lang='grc' dir='ltr'><strong>τῷ</strong></span> <span class='ocrx_word' id='word_1_124' title='bbox 502 2059 603 2115; x_wconf 79' lang='grc' dir='ltr'>πλησίον</span> <span class='ocrx_word' id='word_1_125' title='bbox 613 2059 752 2130; x_wconf 76' lang='grc' dir='ltr'><strong>μαίνονται.</strong></span> 
     </span>
     <span class='ocr_line' id='line_1_18' title="bbox 307 2153 862 2218; baseline 0.002 -13"><span class='ocrx_word' id='word_1_126' title='bbox 307 2160 410 2218; x_wconf 81' lang='lat' dir='ltr'><strong>Seneca,</strong></span> <span class='ocrx_word' id='word_1_127' title='bbox 422 2160 542 2208; x_wconf 85' lang='lat' dir='ltr'><strong>Controv.</strong></span> <span class='ocrx_word' id='word_1_128' title='bbox 556 2163 639 2210; x_wconf 75' lang='lat' dir='ltr'><strong>XXV.</strong></span> <span class='ocrx_word' id='word_1_129' title='bbox 848 2153 862 2185; x_wconf 68' lang='lat' dir='ltr'><em>s</em></span> 
     </span>
    </p>
   </div>
   <div class='ocr_carea' id='block_1_9' title="bbox 0 0 1490 4712">
    <p class='ocr_par' dir='ltr' id='par_1_9' title="bbox 0 0 1490 4712">
     <span class='ocr_line' id='line_1_19' title="bbox 0 0 1490 4712; baseline 0 6"><span class='ocrx_word' id='word_1_130' title='bbox 0 0 1490 4712; x_wconf 95' lang='lat' dir='ltr'><strong> </strong></span> 
     </span>
    </p>
   </div>
  </div>
 </body>
</html>
