<?xml version="1.0" encoding="UTF-8"?>
<!DOCTYPE html PUBLIC "-//W3C//DTD XHTML 1.0 Transitional//EN"
    "http://www.w3.org/TR/xhtml1/DTD/xhtml1-transitional.dtd">
<html xmlns="http://www.w3.org/1999/xhtml" xml:lang="en" lang="en">
 <head>
  <title>
</title>
<meta http-equiv="Content-Type" content="text/html;charset=utf-8" />
  <meta name='ocr-system' content='tesseract 3.04.00' />
  <meta name='ocr-capabilities' content='ocr_page ocr_carea ocr_par ocr_line ocrx_word'/>
</head>
<body>
  <div class='ocr_page' id='page_1' title='image "./titusliviuspata02freigoog_0286.png"; bbox 0 0 2984 4706; ppageno 0'>
   <div class='ocr_carea' id='block_1_1' title="bbox 219 389 1241 506">
    <p class='ocr_par' dir='ltr' id='par_1_1' title="bbox 219 389 1241 506">
     <span class='ocr_line' id='line_1_1' title="bbox 219 389 1241 506; baseline 0.004 -32"><span class='ocrx_word' id='word_1_1' title='bbox 219 389 341 494; x_wconf 60' lang='lat' dir='ltr'>tggtt</span> <span class='ocrx_word' id='word_1_2' title='bbox 443 409 590 475; x_wconf 66' lang='lat' dir='ltr'>rusca</span> <span class='ocrx_word' id='word_1_3' title='bbox 615 409 724 475; x_wconf 72' lang='lat' dir='ltr'>xiv.</span> <span class='ocrx_word' id='word_1_4' title='bbox 751 407 855 475; x_wconf 79' lang='lat' dir='ltr'>car.</span> <span class='ocrx_word' id='word_1_5' title='bbox 878 410 984 475; x_wconf 80' lang='lat' dir='ltr'>viu.</span> <span class='ocrx_word' id='word_1_6' title='bbox 1173 437 1241 506; x_wconf 79' lang='lat'>277</span> 
     </span>
    </p>
   </div>
   <div class='ocr_carea' id='block_1_2' title="bbox 131 528 1295 3136">
    <p class='ocr_par' dir='ltr' id='par_1_2' title="bbox 131 528 1295 3136">
     <span class='ocr_line' id='line_1_2' title="bbox 191 528 1241 624; baseline 0.004 -26"><span class='ocrx_word' id='word_1_7' title='bbox 191 557 207 590; x_wconf 72' lang='grc' dir='ltr'>α</span> <span class='ocrx_word' id='word_1_8' title='bbox 222 543 283 598; x_wconf 88' lang='lat' dir='ltr'>aut</span> <span class='ocrx_word' id='word_1_9' title='bbox 306 528 470 597; x_wconf 90' lang='lat' dir='ltr'>inimicus</span> <span class='ocrx_word' id='word_1_10' title='bbox 497 543 589 600; x_wconf 86' lang='lat' dir='ltr'>essct</span> <span class='ocrx_word' id='word_1_11' title='bbox 611 528 771 624; x_wconf 84' lang='lat' dir='ltr'>populus</span> <span class='ocrx_word' id='word_1_12' title='bbox 794 531 974 599; x_wconf 82' lang='lat' dir='ltr'>romanus.</span> <span class='ocrx_word' id='word_1_13' title='bbox 1005 533 1111 602; x_wconf 90' lang='lat' dir='ltr'>Nunc</span> <span class='ocrx_word' id='word_1_14' title='bbox 1134 557 1241 620; x_wconf 88' lang='lat' dir='ltr'>vcro,</span> 
     </span>
     <span class='ocr_line' id='line_1_3' title="bbox 192 636 1295 737; baseline 0.006 -34"><span class='ocrx_word' id='word_1_15' title='bbox 192 669 209 703; x_wconf 72' lang='grc' dir='ltr'>(ι</span> <span class='ocrx_word' id='word_1_16' title='bbox 224 663 338 734; x_wconf 91' lang='lat' dir='ltr'>quum</span> <span class='ocrx_word' id='word_1_17' title='bbox 354 653 391 709; x_wconf 90' lang='lat' dir='ltr'>et</span> <span class='ocrx_word' id='word_1_18' title='bbox 402 636 499 708; x_wconf 90' lang='lat' dir='ltr'>bello</span> <span class='ocrx_word' id='word_1_19' title='bbox 517 638 626 734; x_wconf 88' lang='lat' dir='ltr'>patris</span> <span class='ocrx_word' id='word_1_20' title='bbox 643 638 714 724; x_wconf 91' lang='lat' dir='ltr'>tui,</span> <span class='ocrx_word' id='word_1_21' title='bbox 732 636 832 734; x_wconf 93' lang='lat' dir='ltr'>quod</span> <span class='ocrx_word' id='word_1_22' title='bbox 846 636 1035 708; x_wconf 90' lang='lat' dir='ltr'>nobiscum</span> <span class='ocrx_word' id='word_1_23' title='bbox 1052 641 1176 737; x_wconf 84' lang='lat' dir='ltr'><strong>gessit,</strong></span> <span class='ocrx_word' id='word_1_24' title='bbox 1192 642 1244 710; x_wconf 91' lang='lat' dir='ltr'>in·</span> <span class='ocrx_word' id='word_1_25' title='bbox 1294 725 1295 729; x_wconf 7' lang='grc' dir='ltr'><strong>Ἰ</strong></span> 
     </span>
     <span class='ocr_line' id='line_1_4' title="bbox 193 745 1243 844; baseline 0.01 -34"><span class='ocrx_word' id='word_1_26' title='bbox 193 776 210 811; x_wconf 88' lang='lat'>«</span> <span class='ocrx_word' id='word_1_27' title='bbox 223 745 422 834; x_wconf 90' lang='lat' dir='ltr'>terfuisses,</span> <span class='ocrx_word' id='word_1_28' title='bbox 444 760 480 817; x_wconf 89' lang='lat' dir='ltr'>et</span> <span class='ocrx_word' id='word_1_29' title='bbox 496 747 591 843; x_wconf 85' lang='lat' dir='ltr'>pacis</span> <span class='ocrx_word' id='word_1_30' title='bbox 611 761 754 844; x_wconf 90' lang='lat' dir='ltr'>postea,</span> <span class='ocrx_word' id='word_1_31' title='bbox 775 769 884 842; x_wconf 86' lang='lat' dir='ltr'>quam</span> <span class='ocrx_word' id='word_1_32' title='bbox 910 771 992 816; x_wconf 91' lang='lat' dir='ltr'>cum</span> <span class='ocrx_word' id='word_1_33' title='bbox 1014 773 1151 819; x_wconf 85' lang='lat' dir='ltr'>summa</span> <span class='ocrx_word' id='word_1_34' title='bbox 1171 749 1243 822; x_wconf 89' lang='lat' dir='ltr'>fide</span> 
     </span>
     <span class='ocr_line' id='line_1_5' title="bbox 192 854 1245 954; baseline 0.013 -36"><span class='ocrx_word' id='word_1_35' title='bbox 192 885 209 919; x_wconf 91' lang='lat'>«</span> <span class='ocrx_word' id='word_1_36' title='bbox 223 854 495 926; x_wconf 45' lang='lat' dir='ltr'>adversus‘eum</span> <span class='ocrx_word' id='word_1_37' title='bbox 514 855 724 942; x_wconf 81' lang='lat' dir='ltr'>coluimus²‚</span> <span class='ocrx_word' id='word_1_38' title='bbox 748 857 986 944; x_wconf 85' lang='lat' dir='ltr'>meminisses,</span> <span class='ocrx_word' id='word_1_39' title='bbox 1008 857 1106 954; x_wconf 93' lang='lat' dir='ltr'>quod</span> <span class='ocrx_word' id='word_1_40' title='bbox 1128 855 1245 932; x_wconf 86' lang='lat' dir='ltr'>consi-</span> 
     </span>
     <span class='ocr_line' id='line_1_6' title="bbox 193 964 1246 1064; baseline 0.014 -36"><span class='ocrx_word' id='word_1_41' title='bbox 193 995 210 1028; x_wconf 89' lang='lat'>«</span> <span class='ocrx_word' id='word_1_42' title='bbox 223 965 332 1052; x_wconf 89' lang='lat' dir='ltr'>lium,</span> <span class='ocrx_word' id='word_1_43' title='bbox 358 986 515 1061; x_wconf 89' lang='lat' dir='ltr'>quorum</span> <span class='ocrx_word' id='word_1_44' title='bbox 538 980 575 1036; x_wconf 89' lang='lat' dir='ltr'>et</span> <span class='ocrx_word' id='word_1_45' title='bbox 600 966 672 1036; x_wconf 88' lang='lat' dir='ltr'>vim</span> <span class='ocrx_word' id='word_1_46' title='bbox 693 964 808 1053; x_wconf 86' lang='lat' dir='ltr'>bello,</span> <span class='ocrx_word' id='word_1_47' title='bbox 837 980 873 1036; x_wconf 89' lang='lat' dir='ltr'>et</span> <span class='ocrx_word' id='word_1_48' title='bbox 894 964 1003 1036; x_wconf 90' lang='lat' dir='ltr'>fidem</span> <span class='ocrx_word' id='word_1_49' title='bbox 1021 967 1057 1036; x_wconf 91' lang='lat' dir='ltr'>in</span> <span class='ocrx_word' id='word_1_50' title='bbox 1079 993 1164 1064; x_wconf 89' lang='lat' dir='ltr'>pace</span> <span class='ocrx_word' id='word_1_51' title='bbox 1182 995 1246 1042; x_wconf 85' lang='lat' dir='ltr'>ex·</span> 
     </span>
     <span class='ocr_line' id='line_1_7' title="bbox 149 1075 1245 1174; baseline 0.009 -35"><span class='ocrx_word' id='word_1_52' title='bbox 149 1152 159 1158; x_wconf 45' lang='grc'><strong>,</strong></span> <span class='ocrx_word' id='word_1_53' title='bbox 194 1088 346 1172; x_wconf 76' lang='lat' dir='ltr'>«pertus</span> <span class='ocrx_word' id='word_1_54' title='bbox 360 1099 474 1161; x_wconf 89' lang='lat' dir='ltr'>esses,</span> <span class='ocrx_word' id='word_1_55' title='bbox 490 1099 570 1146; x_wconf 91' lang='lat' dir='ltr'>cum</span> <span class='ocrx_word' id='word_1_56' title='bbox 586 1076 628 1145; x_wconf 92' lang='lat' dir='ltr'>iis</span> <span class='ocrx_word' id='word_1_57' title='bbox 644 1075 709 1146; x_wconf 90' lang='lat' dir='ltr'>tibi</span> <span class='ocrx_word' id='word_1_58' title='bbox 722 1075 859 1146; x_wconf 89' lang='lat' dir='ltr'>bellum</span> <span class='ocrx_word' id='word_1_59' title='bbox 874 1101 967 1162; x_wconf 87' lang='lat' dir='ltr'>esse,</span> <span class='ocrx_word' id='word_1_60' title='bbox 983 1099 1090 1171; x_wconf 90' lang='lat' dir='ltr'>quam</span> <span class='ocrx_word' id='word_1_61' title='bbox 1104 1103 1245 1174; x_wconf 85' lang='lat' dir='ltr'>pacem,</span> 
     </span>
     <span class='ocr_line' id='line_1_8' title="bbox 193 1185 1247 1283; baseline 0.011 -36"><span class='ocrx_word' id='word_1_62' title='bbox 193 1185 379 1255; x_wconf 74' lang='lat' dir='ltr'>«mallei»</span> <span class='ocrx_word' id='word_1_63' title='bbox 394 1189 468 1257; x_wconf 87' lang='lat' dir='ltr'>Nec</span> <span class='ocrx_word' id='word_1_64' title='bbox 490 1185 747 1280; x_wconf 84' lang='lat' dir='ltr'>interrogatus,</span> <span class='ocrx_word' id='word_1_65' title='bbox 767 1209 832 1256; x_wconf 88' lang='lat' dir='ltr'>nec</span> <span class='ocrx_word' id='word_1_66' title='bbox 856 1200 1038 1256; x_wconf 85' lang='lat' dir='ltr'>accusatus</span> <span class='ocrx_word' id='word_1_67' title='bbox 1058 1212 1172 1283; x_wconf 91' lang='lat' dir='ltr'>quum</span> <span class='ocrx_word' id='word_1_68' title='bbox 1192 1214 1247 1260; x_wconf 89' lang='lat' dir='ltr'>re-</span> 
     </span>
     <span class='ocr_line' id='line_1_9' title="bbox 195 1292 1248 1391; baseline 0.005 -28"><span class='ocrx_word' id='word_1_69' title='bbox 195 1292 410 1391; x_wconf 82' lang='lat' dir='ltr'>sponderet3</span> <span class='ocrx_word' id='word_1_70' title='bbox 430 1298 666 1388; x_wconf 78' lang='lat' dir='ltr'>«Utcumque</span> <span class='ocrx_word' id='word_1_71' title='bbox 688 1308 809 1364; x_wconf 87' lang='lat' dir='ltr'>tamen</span> <span class='ocrx_word' id='word_1_72' title='bbox 826 1292 922 1374; x_wconf 80' lang='lat' dir='ltr'>haeo,</span> <span class='ocrx_word' id='word_1_73' title='bbox 945 1295 1017 1364; x_wconf 90' lang='lat' dir='ltr'>sive</span> <span class='ocrx_word' id='word_1_74' title='bbox 1038 1297 1159 1366; x_wconf 87' lang='lat' dir='ltr'>errore</span> <span class='ocrx_word' id='word_1_75' title='bbox 1180 1297 1248 1368; x_wconf 92' lang='lat' dir='ltr'>hu·</span> 
     </span>
     <span class='ocr_line' id='line_1_10' title="bbox 196 1400 1248 1494; baseline 0.01 -28"><span class='ocrx_word' id='word_1_76' title='bbox 196 1432 213 1466; x_wconf 88' lang='lat'>«</span> <span class='ocrx_word' id='word_1_77' title='bbox 226 1425 352 1490; x_wconf 85' lang='lat' dir='ltr'>mano,</span> <span class='ocrx_word' id='word_1_78' title='bbox 370 1425 434 1473; x_wconf 91' lang='lat' dir='ltr'>seu</span> <span class='ocrx_word' id='word_1_79' title='bbox 448 1427 530 1474; x_wconf 89' lang='lat' dir='ltr'>casn</span> <span class='ocrx_word' id='word_1_80' title='bbox 544 1455 553 1488; x_wconf 92' lang='lat'>‚</span> <span class='ocrx_word' id='word_1_81' title='bbox 569 1427 633 1472; x_wconf 91' lang='lat' dir='ltr'>seu</span> <span class='ocrx_word' id='word_1_82' title='bbox 647 1403 854 1473; x_wconf 84' lang='lat' dir='ltr'>necessitate</span> <span class='ocrx_word' id='word_1_83' title='bbox 870 1400 1094 1494; x_wconf 87' lang='lat' dir='ltr'>inciderunt,</span> <span class='ocrx_word' id='word_1_84' title='bbox 1109 1403 1248 1477; x_wconf 91' lang='lat' dir='ltr'>bonum</span> 
     </span>
     <span class='ocr_line' id='line_1_11' title="bbox 196 1511 1249 1609; baseline 0.009 -32"><span class='ocrx_word' id='word_1_85' title='bbox 196 1542 213 1592; x_wconf 70' lang='grc' dir='ltr'>ις</span> <span class='ocrx_word' id='word_1_86' title='bbox 226 1512 384 1600; x_wconf 83' lang='lat' dir='ltr'>animum</span> <span class='ocrx_word' id='word_1_87' title='bbox 405 1511 520 1582; x_wconf 88' lang='lat' dir='ltr'>habe:</span> <span class='ocrx_word' id='word_1_88' title='bbox 543 1511 738 1580; x_wconf 91' lang='lat' dir='ltr'>multorum</span> <span class='ocrx_word' id='word_1_89' title='bbox 760 1535 906 1608; x_wconf 85' lang='lat' dir='ltr'>regum,</span> <span class='ocrx_word' id='word_1_90' title='bbox 928 1513 1147 1609; x_wconf 89' lang='lat' dir='ltr'>populorum</span> <span class='ocrx_word' id='word_1_91' title='bbox 1165 1517 1249 1586; x_wconf 90' lang='lat' dir='ltr'>casi-</span> 
     </span>
     <span class='ocr_line' id='line_1_12' title="bbox 195 1618 1250 1718; baseline 0.01 -34"><span class='ocrx_word' id='word_1_92' title='bbox 195 1650 212 1684; x_wconf 87' lang='lat'>«</span> <span class='ocrx_word' id='word_1_93' title='bbox 225 1618 293 1692; x_wconf 91' lang='lat' dir='ltr'>bus</span> <span class='ocrx_word' id='word_1_94' title='bbox 320 1623 464 1718; x_wconf 88' lang='lat' dir='ltr'>cognita</span> <span class='ocrx_word' id='word_1_95' title='bbox 493 1620 619 1718; x_wconf 92' lang='lat' dir='ltr'>populi</span> <span class='ocrx_word' id='word_1_96' title='bbox 650 1622 790 1692; x_wconf 90' lang='lat' dir='ltr'>romani</span> <span class='ocrx_word' id='word_1_97' title='bbox 819 1621 1007 1692; x_wconf 89' lang='lat' dir='ltr'>clementia</span> <span class='ocrx_word' id='word_1_98' title='bbox 1033 1648 1109 1693; x_wconf 91' lang='lat' dir='ltr'>non</span> <span class='ocrx_word' id='word_1_99' title='bbox 1139 1624 1250 1695; x_wconf 93' lang='lat' dir='ltr'>modo</span> 
     </span>
     <span class='ocr_line' id='line_1_13' title="bbox 197 1728 1250 1830; baseline 0.01 -37"><span class='ocrx_word' id='word_1_100' title='bbox 197 1754 326 1826; x_wconf 83' lang='lat' dir='ltr'>«spem</span> <span class='ocrx_word' id='word_1_101' title='bbox 342 1729 406 1801; x_wconf 86' lang='lat' dir='ltr'>tibi</span> <span class='ocrx_word' id='word_1_102' title='bbox 421 1786 430 1818; x_wconf 97' lang='lat'>,</span> <span class='ocrx_word' id='word_1_103' title='bbox 453 1729 516 1800; x_wconf 89' lang='lat' dir='ltr'>sed</span> <span class='ocrx_word' id='word_1_104' title='bbox 539 1753 654 1826; x_wconf 87' lang='lat' dir='ltr'>prope</span> <span class='ocrx_word' id='word_1_105' title='bbox 673 1743 807 1801; x_wconf 89' lang='lat' dir='ltr'>certam</span> <span class='ocrx_word' id='word_1_106' title='bbox 825 1728 991 1801; x_wconf 86' lang='lat' dir='ltr'>fiduciam</span> <span class='ocrx_word' id='word_1_107' title='bbox 1011 1732 1149 1819; x_wconf 81' lang='lat' dir='ltr'>salutis,</span> <span class='ocrx_word' id='word_1_108' title='bbox 1165 1758 1250 1830; x_wconf 85' lang='lat' dir='ltr'>prae-</span> 
     </span>
     <span class='ocr_line' id='line_1_14' title="bbox 131 1836 1251 1934; baseline 0.012 -32"><span class='ocrx_word' id='word_1_109' title='bbox 131 1925 136 1934; x_wconf 28' lang='grc'>.</span> <span class='ocrx_word' id='word_1_110' title='bbox 197 1836 326 1909; x_wconf 85' lang='lat' dir='ltr'>«bet».</span> <span class='ocrx_word' id='word_1_111' title='bbox 352 1842 434 1910; x_wconf 83' lang='lat' dir='ltr'>Haec</span> <span class='ocrx_word' id='word_1_112' title='bbox 461 1863 576 1934; x_wconf 83' lang='lat' dir='ltr'>graeco</span> <span class='ocrx_word' id='word_1_113' title='bbox 602 1862 767 1910; x_wconf 81' lang='lat' dir='ltr'>sermone</span> <span class='ocrx_word' id='word_1_114' title='bbox 802 1841 930 1909; x_wconf 88' lang='lat' dir='ltr'>Perseo</span> <span class='ocrx_word' id='word_1_115' title='bbox 954 1867 962 1908; x_wconf 94' lang='lat'><strong>:</strong></span> <span class='ocrx_word' id='word_1_116' title='bbox 990 1841 1098 1911; x_wconf 88' lang='lat' dir='ltr'>latine</span> <span class='ocrx_word' id='word_1_117' title='bbox 1120 1842 1251 1915; x_wconf 87' lang='lat' dir='ltr'>deinde</span> 
     </span>
     <span class='ocr_line' id='line_1_15' title="bbox 197 1943 1253 2045; baseline 0.007 -28"><span class='ocrx_word' id='word_1_118' title='bbox 197 1943 305 2034; x_wconf 78' lang='lat' dir='ltr'>suis³,</span> <span class='ocrx_word' id='word_1_119' title='bbox 321 1947 564 2044; x_wconf 84' lang='lat' dir='ltr'>«Exemplum</span> <span class='ocrx_word' id='word_1_120' title='bbox 584 1949 720 2044; x_wconf 87' lang='lat' dir='ltr'>insigne</span> <span class='ocrx_word' id='word_1_121' title='bbox 747 1949 913 2036; x_wconf 79' lang='lat' dir='ltr'>cernitis,</span> <span class='ocrx_word' id='word_1_122' title='bbox 932 1951 1069 2045; x_wconf 89' lang='lat' dir='ltr'>inquit,</span> <span class='ocrx_word' id='word_1_123' title='bbox 1088 1955 1253 2024; x_wconf 82' lang='lat' dir='ltr'>mutatio-</span> 
     </span>
     <span class='ocr_line' id='line_1_16' title="bbox 198 2055 1251 2157; baseline 0.014 -38"><span class='ocrx_word' id='word_1_124' title='bbox 198 2085 213 2118; x_wconf 71' lang='grc' dir='ltr'>ι(</span> <span class='ocrx_word' id='word_1_125' title='bbox 228 2055 284 2124; x_wconf 88' lang='lat' dir='ltr'>nis</span> <span class='ocrx_word' id='word_1_126' title='bbox 309 2079 430 2125; x_wconf 90' lang='lat' dir='ltr'>rerum</span> <span class='ocrx_word' id='word_1_127' title='bbox 454 2055 700 2131; x_wconf 87' lang='lat' dir='ltr'>humanarum.</span> <span class='ocrx_word' id='word_1_128' title='bbox 723 2055 836 2126; x_wconf 87' lang='lat' dir='ltr'>Vobis</span> <span class='ocrx_word' id='word_1_129' title='bbox 857 2056 928 2128; x_wconf 90' lang='lat' dir='ltr'>hoc</span> <span class='ocrx_word' id='word_1_130' title='bbox 950 2061 1128 2157; x_wconf 84' lang='lat' dir='ltr'>praecipue</span> <span class='ocrx_word' id='word_1_131' title='bbox 1149 2061 1251 2151; x_wconf 91' lang='lat' dir='ltr'>dico,</span> 
     </span>
     <span class='ocr_line' id='line_1_17' title="bbox 197 2163 1253 2267; baseline 0.008 -34"><span class='ocrx_word' id='word_1_132' title='bbox 197 2165 383 2258; x_wconf 86' lang='lat' dir='ltr'>«juvenes.</span> <span class='ocrx_word' id='word_1_133' title='bbox 402 2163 489 2235; x_wconf 89' lang='lat' dir='ltr'>Ideo</span> <span class='ocrx_word' id='word_1_134' title='bbox 505 2167 542 2234; x_wconf 92' lang='lat' dir='ltr'>in</span> <span class='ocrx_word' id='word_1_135' title='bbox 558 2165 722 2236; x_wconf 90' lang='lat' dir='ltr'>secundis</span> <span class='ocrx_word' id='word_1_136' title='bbox 737 2164 848 2236; x_wconf 89' lang='lat' dir='ltr'>rebus</span> <span class='ocrx_word' id='word_1_137' title='bbox 867 2165 957 2236; x_wconf 90' lang='lat' dir='ltr'>nihil</span> <span class='ocrx_word' id='word_1_138' title='bbox 975 2169 1012 2237; x_wconf 91' lang='lat' dir='ltr'>in</span> <span class='ocrx_word' id='word_1_139' title='bbox 1033 2193 1253 2267; x_wconf 88' lang='lat' dir='ltr'>quemquam</span> 
     </span>
     <span class='ocr_line' id='line_1_18' title="bbox 198 2272 1253 2374; baseline 0.011 -37"><span class='ocrx_word' id='word_1_140' title='bbox 198 2272 382 2370; x_wconf 83' lang='lat' dir='ltr'>«superbe</span> <span class='ocrx_word' id='word_1_141' title='bbox 400 2297 441 2344; x_wconf 81' lang='lat' dir='ltr'>ac</span> <span class='ocrx_word' id='word_1_142' title='bbox 456 2274 630 2344; x_wconf 88' lang='lat' dir='ltr'>violenter</span> <span class='ocrx_word' id='word_1_143' title='bbox 648 2274 835 2346; x_wconf 84' lang='lat' dir='ltr'>consulere</span> <span class='ocrx_word' id='word_1_144' title='bbox 854 2273 976 2362; x_wconf 89' lang='lat' dir='ltr'>decet,</span> <span class='ocrx_word' id='word_1_145' title='bbox 999 2300 1066 2346; x_wconf 89' lang='lat' dir='ltr'>nec</span> <span class='ocrx_word' id='word_1_146' title='bbox 1087 2281 1253 2374; x_wconf 72' lang='lat' dir='ltr'>praesenti</span> 
     </span>
     <span class='ocr_line' id='line_1_19' title="bbox 199 2380 1254 2480; baseline 0.004 -28"><span class='ocrx_word' id='word_1_147' title='bbox 199 2414 215 2448; x_wconf 90' lang='lat'>«</span> <span class='ocrx_word' id='word_1_148' title='bbox 230 2382 374 2454; x_wconf 91' lang='lat' dir='ltr'>credere</span> <span class='ocrx_word' id='word_1_149' title='bbox 396 2380 570 2471; x_wconf 80' lang='lat' dir='ltr'>fortunae3</span> <span class='ocrx_word' id='word_1_150' title='bbox 594 2399 727 2478; x_wconf 88' lang='lat' dir='ltr'>quum,</span> <span class='ocrx_word' id='word_1_151' title='bbox 747 2382 836 2478; x_wconf 92' lang='lat' dir='ltr'>quid</span> <span class='ocrx_word' id='word_1_152' title='bbox 856 2407 983 2480; x_wconf 88' lang='lat' dir='ltr'>vesper</span> <span class='ocrx_word' id='word_1_153' title='bbox 1004 2381 1115 2472; x_wconf 90' lang='lat' dir='ltr'>ferat,</span> <span class='ocrx_word' id='word_1_154' title='bbox 1136 2387 1254 2458; x_wconf 86' lang='lat' dir='ltr'>incer-</span> 
     </span>
     <span class='ocr_line' id='line_1_20' title="bbox 199 2491 1254 2593; baseline 0.003 -31"><span class='ocrx_word' id='word_1_155' title='bbox 199 2507 306 2562; x_wconf 83' lang='lat' dir='ltr'>«tum</span> <span class='ocrx_word' id='word_1_156' title='bbox 327 2493 381 2563; x_wconf 91' lang='lat' dir='ltr'>sit.</span> <span class='ocrx_word' id='word_1_157' title='bbox 401 2496 435 2562; x_wconf 91' lang='lat' dir='ltr'>Is</span> <span class='ocrx_word' id='word_1_158' title='bbox 455 2491 601 2562; x_wconf 89' lang='lat' dir='ltr'>demum</span> <span class='ocrx_word' id='word_1_159' title='bbox 620 2493 675 2559; x_wconf 90' lang='lat' dir='ltr'>vir</span> <span class='ocrx_word' id='word_1_160' title='bbox 693 2491 778 2578; x_wconf 89' lang='lat' dir='ltr'>erit,</span> <span class='ocrx_word' id='word_1_161' title='bbox 795 2492 898 2585; x_wconf 93' lang='lat' dir='ltr'>cujus</span> <span class='ocrx_word' id='word_1_162' title='bbox 916 2494 1076 2562; x_wconf 87' lang='lat' dir='ltr'>animum</span> <span class='ocrx_word' id='word_1_163' title='bbox 1093 2519 1158 2564; x_wconf 87' lang='lat' dir='ltr'>nec</span> <span class='ocrx_word' id='word_1_164' title='bbox 1172 2520 1254 2593; x_wconf 93' lang='lat' dir='ltr'>pro-</span> 
     </span>
     <span class='ocr_line' id='line_1_21' title="bbox 201 2599 1252 2702; baseline 0.011 -37"><span class='ocrx_word' id='word_1_165' title='bbox 201 2634 217 2667; x_wconf 75' lang='lat'>«</span> <span class='ocrx_word' id='word_1_166' title='bbox 232 2627 334 2700; x_wconf 88' lang='lat' dir='ltr'>spera</span> <span class='ocrx_word' id='word_1_167' title='bbox 363 2600 449 2672; x_wconf 83' lang='lat' dir='ltr'>flatu</span> <span class='ocrx_word' id='word_1_168' title='bbox 477 2625 544 2672; x_wconf 91' lang='lat' dir='ltr'>suo</span> <span class='ocrx_word' id='word_1_169' title='bbox 572 2599 697 2672; x_wconf 81' lang='lat' dir='ltr'>efferet</span> <span class='ocrx_word' id='word_1_170' title='bbox 715 2605 743 2688; x_wconf 74' lang='lat'>⁴,</span> <span class='ocrx_word' id='word_1_171' title='bbox 775 2626 841 2671; x_wconf 90' lang='lat' dir='ltr'>nec</span> <span class='ocrx_word' id='word_1_172' title='bbox 869 2600 1015 2674; x_wconf 86' lang='lat' dir='ltr'>adversa</span> <span class='ocrx_word' id='word_1_173' title='bbox 1041 2602 1252 2702; x_wconf 85' lang='lat' dir='ltr'>infringet».</span> 
     </span>
     <span class='ocr_line' id='line_1_22' title="bbox 200 2710 1255 2808; baseline 0.003 -26"><span class='ocrx_word' id='word_1_174' title='bbox 200 2711 357 2782; x_wconf 87' lang='lat' dir='ltr'>Consilio</span> <span class='ocrx_word' id='word_1_175' title='bbox 372 2710 543 2795; x_wconf 80' lang='lat' dir='ltr'>dimisso,</span> <span class='ocrx_word' id='word_1_176' title='bbox 565 2711 690 2780; x_wconf 88' lang='lat' dir='ltr'>tuendi</span> <span class='ocrx_word' id='word_1_177' title='bbox 711 2735 796 2780; x_wconf 91' lang='lat' dir='ltr'>cura</span> <span class='ocrx_word' id='word_1_178' title='bbox 816 2711 909 2808; x_wconf 84' lang='lat' dir='ltr'>regis</span> <span class='ocrx_word' id='word_1_179' title='bbox 930 2715 973 2802; x_wconf 90' lang='lat' dir='ltr'>Q.</span> <span class='ocrx_word' id='word_1_180' title='bbox 996 2712 1085 2781; x_wconf 86' lang='lat' dir='ltr'>AElio</span> <span class='ocrx_word' id='word_1_181' title='bbox 1108 2715 1255 2785; x_wconf 88' lang='lat' dir='ltr'>manda·</span> 
     </span>
     <span class='ocr_line' id='line_1_23' title="bbox 200 2817 1256 2908; baseline 0.006 -20"><span class='ocrx_word' id='word_1_182' title='bbox 200 2834 269 2888; x_wconf 91' lang='lat' dir='ltr'>tur.</span> <span class='ocrx_word' id='word_1_183' title='bbox 289 2823 341 2890; x_wconf 91' lang='lat' dir='ltr'>Eo</span> <span class='ocrx_word' id='word_1_184' title='bbox 362 2819 419 2888; x_wconf 89' lang='lat' dir='ltr'>die</span> <span class='ocrx_word' id='word_1_185' title='bbox 441 2833 477 2887; x_wconf 89' lang='lat' dir='ltr'>et</span> <span class='ocrx_word' id='word_1_186' title='bbox 490 2819 656 2887; x_wconf 88' lang='lat' dir='ltr'>invitatus</span> <span class='ocrx_word' id='word_1_187' title='bbox 675 2817 719 2888; x_wconf 91' lang='lat' dir='ltr'>ad</span> <span class='ocrx_word' id='word_1_188' title='bbox 738 2818 923 2888; x_wconf 86' lang='lat' dir='ltr'>consulem</span> <span class='ocrx_word' id='word_1_189' title='bbox 936 2823 1103 2908; x_wconf 88' lang='lat' dir='ltr'>Perseus,</span> <span class='ocrx_word' id='word_1_190' title='bbox 1118 2837 1154 2891; x_wconf 92' lang='lat' dir='ltr'>et</span> <span class='ocrx_word' id='word_1_191' title='bbox 1168 2824 1256 2894; x_wconf 91' lang='lat' dir='ltr'>alius</span> 
     </span>
     <span class='ocr_line' id='line_1_24' title="bbox 201 2924 1257 3024; baseline 0.003 -25"><span class='ocrx_word' id='word_1_192' title='bbox 201 2931 317 3000; x_wconf 89' lang='lat' dir='ltr'>omnis</span> <span class='ocrx_word' id='word_1_193' title='bbox 331 2929 363 2999; x_wconf 92' lang='lat' dir='ltr'>ei</span> <span class='ocrx_word' id='word_1_194' title='bbox 377 2926 493 2996; x_wconf 90' lang='lat' dir='ltr'>honos</span> <span class='ocrx_word' id='word_1_195' title='bbox 505 2924 650 2996; x_wconf 92' lang='lat' dir='ltr'>habitus</span> <span class='ocrx_word' id='word_1_196' title='bbox 663 2939 735 3011; x_wconf 89' lang='lat' dir='ltr'>est,</span> <span class='ocrx_word' id='word_1_197' title='bbox 753 2927 816 3024; x_wconf 91' lang='lat' dir='ltr'>qui</span> <span class='ocrx_word' id='word_1_198' title='bbox 831 2924 958 2996; x_wconf 88' lang='lat' dir='ltr'>haberi</span> <span class='ocrx_word' id='word_1_199' title='bbox 975 2927 1012 2995; x_wconf 93' lang='lat' dir='ltr'>in</span> <span class='ocrx_word' id='word_1_200' title='bbox 1031 2927 1092 2997; x_wconf 88' lang='lat' dir='ltr'>tali</span> <span class='ocrx_word' id='word_1_201' title='bbox 1113 2927 1257 3004; x_wconf 87' lang='lat' dir='ltr'>fortuna</span> 
     </span>
     <span class='ocr_line' id='line_1_25' title="bbox 202 3052 351 3136; baseline -0.013 -28"><span class='ocrx_word' id='word_1_202' title='bbox 202 3052 351 3136; x_wconf 87' lang='lat' dir='ltr'>poterat.</span> 
     </span>
    </p>
   </div>
   <div class='ocr_carea' id='block_1_3' title="bbox 202 3185 1261 3719">
    <p class='ocr_par' dir='ltr' id='par_1_3' title="bbox 202 3185 1260 3253">
     <span class='ocr_line' id='line_1_26' title="bbox 202 3185 1260 3253; baseline 0 -17"><span class='ocrx_word' id='word_1_203' title='bbox 202 3205 261 3253; x_wconf 88' lang='lat' dir='ltr'>pop.</span> <span class='ocrx_word' id='word_1_204' title='bbox 275 3204 336 3236; x_wconf 79' lang='lat' dir='ltr'>rom,</span> <span class='ocrx_word' id='word_1_205' title='bbox 354 3198 395 3235; x_wconf 80' lang='lat' dir='ltr'>ant</span> <span class='ocrx_word' id='word_1_206' title='bbox 409 3186 512 3241; x_wconf 85' lang='lat' dir='ltr'>amicus,</span> <span class='ocrx_word' id='word_1_207' title='bbox 525 3196 568 3232; x_wconf 87' lang='lat' dir='ltr'>aut</span> <span class='ocrx_word' id='word_1_208' title='bbox 580 3185 706 3243; x_wconf 87' lang='lat' dir='ltr'>inimicus,</span> <span class='ocrx_word' id='word_1_209' title='bbox 757 3188 855 3248; x_wconf 86' lang='lat' dir='ltr'>Popmae</span> <span class='ocrx_word' id='word_1_210' title='bbox 865 3189 972 3248; x_wconf 87' lang='lat' dir='ltr'>Conject.</span> <span class='ocrx_word' id='word_1_211' title='bbox 983 3187 1015 3234; x_wconf 81' lang='lat' dir='ltr'>ad</span> <span class='ocrx_word' id='word_1_212' title='bbox 1024 3189 1094 3234; x_wconf 85' lang='lat' dir='ltr'>Varr.</span> <span class='ocrx_word' id='word_1_213' title='bbox 1104 3185 1154 3237; x_wconf 85' lang='lat' dir='ltr'>Sat.</span> <span class='ocrx_word' id='word_1_214' title='bbox 1165 3205 1191 3252; x_wconf 86' lang='lat' dir='ltr'>p.</span> <span class='ocrx_word' id='word_1_215' title='bbox 1200 3191 1260 3250; x_wconf 85' lang='lat'>661,</span> 
     </span>
    </p>

    <p class='ocr_par' dir='ltr' id='par_1_4' title="bbox 203 3264 1258 3329">
     <span class='ocr_line' id='line_1_27' title="bbox 203 3264 1258 3329; baseline 0.003 -15"><span class='ocrx_word' id='word_1_216' title='bbox 203 3269 228 3314; x_wconf 92' lang='lat' dir='ltr'>h.</span> <span class='ocrx_word' id='word_1_217' title='bbox 239 3284 259 3314; x_wconf 88' lang='lat' dir='ltr'>e.</span> <span class='ocrx_word' id='word_1_218' title='bbox 271 3266 374 3315; x_wconf 84' lang='lat' dir='ltr'>amicitia</span> <span class='ocrx_word' id='word_1_219' title='bbox 385 3281 445 3329; x_wconf 89' lang='lat' dir='ltr'>pop.</span> <span class='ocrx_word' id='word_1_220' title='bbox 459 3279 520 3312; x_wconf 90' lang='lat' dir='ltr'>rom.</span> <span class='ocrx_word' id='word_1_221' title='bbox 535 3279 607 3327; x_wconf 79' lang='lat' dir='ltr'>quam</span> <span class='ocrx_word' id='word_1_222' title='bbox 619 3264 706 3312; x_wconf 84' lang='lat' dir='ltr'>saluta·</span> <span class='ocrx_word' id='word_1_223' title='bbox 751 3273 774 3310; x_wconf 88' lang='lat' dir='ltr'>ct</span> <span class='ocrx_word' id='word_1_224' title='bbox 783 3264 875 3310; x_wconf 79' lang='lat' dir='ltr'>Erasini</span> <span class='ocrx_word' id='word_1_225' title='bbox 887 3264 964 3328; x_wconf 80' lang='lat' dir='ltr'>Adog.</span> <span class='ocrx_word' id='word_1_226' title='bbox 978 3265 1016 3313; x_wconf 82' lang='lat' dir='ltr'>tit.</span> <span class='ocrx_word' id='word_1_227' title='bbox 1029 3267 1137 3314; x_wconf 84' lang='lat' dir='ltr'>Incertus</span> <span class='ocrx_word' id='word_1_228' title='bbox 1150 3280 1258 3326; x_wconf 79' lang='lat' dir='ltr'>eventus,</span> 
     </span>
    </p>

    <p class='ocr_par' dir='ltr' id='par_1_5' title="bbox 202 3343 874 3408">
     <span class='ocr_line' id='line_1_28' title="bbox 202 3343 874 3408; baseline -0.003 -16"><span class='ocrx_word' id='word_1_229' title='bbox 202 3346 235 3392; x_wconf 85' lang='lat' dir='ltr'>ris</span> <span class='ocrx_word' id='word_1_230' title='bbox 245 3353 320 3404; x_wconf 84' lang='lat' dir='ltr'>esset,</span> <span class='ocrx_word' id='word_1_231' title='bbox 330 3344 454 3392; x_wconf 84' lang='lat' dir='ltr'>inimicitia</span> <span class='ocrx_word' id='word_1_232' title='bbox 463 3353 543 3391; x_wconf 85' lang='lat' dir='ltr'>autem</span> <span class='ocrx_word' id='word_1_233' title='bbox 552 3343 637 3408; x_wconf 88' lang='lat' dir='ltr'>populi</span> <span class='ocrx_word' id='word_1_234' title='bbox 648 3344 707 3404; x_wconf 82' lang='lat' dir='ltr'>ejus·</span> <span class='ocrx_word' id='word_1_235' title='bbox 749 3356 804 3404; x_wconf 75' lang='lat' dir='ltr'>pag.</span> <span class='ocrx_word' id='word_1_236' title='bbox 815 3343 874 3402; x_wconf 71' lang='lat'><strong>867.</strong></span> 
     </span>
    </p>

    <p class='ocr_par' dir='ltr' id='par_1_6' title="bbox 204 3420 1260 3570">
     <span class='ocr_line' id='line_1_29' title="bbox 204 3420 1258 3488; baseline 0.003 -18"><span class='ocrx_word' id='word_1_237' title='bbox 204 3423 258 3470; x_wconf 88' lang='lat' dir='ltr'>dem</span> <span class='ocrx_word' id='word_1_238' title='bbox 267 3439 338 3486; x_wconf 83' lang='lat' dir='ltr'>quam</span> <span class='ocrx_word' id='word_1_239' title='bbox 349 3424 452 3471; x_wconf 83' lang='lat' dir='ltr'>funesta.</span> <span class='ocrx_word' id='word_1_240' title='bbox 463 3424 508 3471; x_wconf 86' lang='lat' dir='ltr'>En.</span> <span class='ocrx_word' id='word_1_241' title='bbox 786 3428 810 3475; x_wconf 73' lang='grc'>4.</span> <span class='ocrx_word' id='word_1_242' title='bbox 828 3423 853 3467; x_wconf 85' lang='lat' dir='ltr'>Is</span> <span class='ocrx_word' id='word_1_243' title='bbox 875 3420 970 3468; x_wconf 85' lang='lat' dir='ltr'>demum</span> <span class='ocrx_word' id='word_1_244' title='bbox 987 3422 1028 3469; x_wconf 83' lang='lat' dir='ltr'>vir</span> <span class='ocrx_word' id='word_1_245' title='bbox 1048 3423 1105 3480; x_wconf 83' lang='lat' dir='ltr'>erit,</span> <span class='ocrx_word' id='word_1_246' title='bbox 1119 3424 1187 3488; x_wconf 83' lang='lat' dir='ltr'>eujus</span> <span class='ocrx_word' id='word_1_247' title='bbox 1203 3427 1258 3473; x_wconf 82' lang='lat' dir='ltr'>ani-</span> 
     </span>
     <span class='ocr_line' id='line_1_30' title="bbox 238 3501 1260 3570; baseline 0.003 -22"><span class='ocrx_word' id='word_1_248' title='bbox 238 3517 262 3551; x_wconf 61' lang='grc' dir='ltr'>α.</span> <span class='ocrx_word' id='word_1_249' title='bbox 276 3503 393 3550; x_wconf 79' lang='lat' dir='ltr'>Adversus</span> <span class='ocrx_word' id='word_1_250' title='bbox 406 3519 460 3549; x_wconf 83' lang='lat' dir='ltr'>enm</span> <span class='ocrx_word' id='word_1_251' title='bbox 475 3501 591 3550; x_wconf 83' lang='lat' dir='ltr'>coluimus</span> <span class='ocrx_word' id='word_1_252' title='bbox 604 3517 706 3566; x_wconf 80' lang='lat' dir='ltr'>pacem3</span> <span class='ocrx_word' id='word_1_253' title='bbox 724 3518 735 3533; x_wconf 38' lang='lat' dir='ltr'>s</span> <span class='ocrx_word' id='word_1_254' title='bbox 750 3515 815 3545; x_wconf 78' lang='lat' dir='ltr'>mum</span> <span class='ocrx_word' id='word_1_255' title='bbox 835 3515 879 3547; x_wconf 84' lang='lat' dir='ltr'>nee</span> <span class='ocrx_word' id='word_1_256' title='bbox 893 3516 1015 3564; x_wconf 83' lang='lat' dir='ltr'>prospera</span> <span class='ocrx_word' id='word_1_257' title='bbox 1028 3501 1125 3550; x_wconf 82' lang='lat' dir='ltr'>fortuna</span> <span class='ocrx_word' id='word_1_258' title='bbox 1130 3503 1199 3570; x_wconf 78' lang='lat' dir='ltr'>flatu</span> <span class='ocrx_word' id='word_1_259' title='bbox 1217 3521 1260 3551; x_wconf 86' lang='lat' dir='ltr'>suo</span> 
     </span>
    </p>

    <p class='ocr_par' dir='ltr' id='par_1_7' title="bbox 204 3577 1261 3719">
     <span class='ocr_line' id='line_1_31' title="bbox 204 3577 1259 3644; baseline 0.003 -17"><span class='ocrx_word' id='word_1_260' title='bbox 204 3581 260 3630; x_wconf 82' lang='lat' dir='ltr'>vide</span> <span class='ocrx_word' id='word_1_261' title='bbox 272 3581 342 3638; x_wconf 75' lang='lat' dir='ltr'>adv,</span> <span class='ocrx_word' id='word_1_262' title='bbox 355 3581 402 3637; x_wconf 80' lang='lat'>35,</span> <span class='ocrx_word' id='word_1_263' title='bbox 413 3597 438 3627; x_wconf 88' lang='lat' dir='ltr'>n.</span> <span class='ocrx_word' id='word_1_264' title='bbox 452 3581 477 3627; x_wconf 82' lang='lat'>5.</span> <span class='ocrx_word' id='word_1_265' title='bbox 751 3577 823 3643; x_wconf 89' lang='lat' dir='ltr'>(vide</span> <span class='ocrx_word' id='word_1_266' title='bbox 837 3579 868 3625; x_wconf 82' lang='lat' dir='ltr'>ad</span> <span class='ocrx_word' id='word_1_267' title='bbox 882 3581 931 3637; x_wconf 88' lang='lat'>111,</span> <span class='ocrx_word' id='word_1_268' title='bbox 946 3579 994 3639; x_wconf 82' lang='grc'>33,</span> <span class='ocrx_word' id='word_1_269' title='bbox 1010 3596 1034 3626; x_wconf 88' lang='lat' dir='ltr'>n.</span> <span class='ocrx_word' id='word_1_270' title='bbox 1048 3596 1062 3627; x_wconf 69' lang='grc' dir='ltr'>α</span> <span class='ocrx_word' id='word_1_271' title='bbox 1074 3580 1084 3643; x_wconf 91' lang='grc'>)</span> <span class='ocrx_word' id='word_1_272' title='bbox 1098 3580 1194 3644; x_wconf 72' lang='lat' dir='ltr'>efferet,</span> <span class='ocrx_word' id='word_1_273' title='bbox 1211 3592 1259 3631; x_wconf 87' lang='lat' dir='ltr'>etc.</span> 
     </span>
     <span class='ocr_line' id='line_1_32' title="bbox 241 3656 1261 3719; baseline 0.002 -13"><span class='ocrx_word' id='word_1_274' title='bbox 241 3662 264 3706; x_wconf 83' lang='grc'>3.</span> <span class='ocrx_word' id='word_1_275' title='bbox 281 3659 366 3706; x_wconf 83' lang='lat' dir='ltr'>Latine</span> <span class='ocrx_word' id='word_1_276' title='bbox 385 3657 473 3704; x_wconf 84' lang='lat' dir='ltr'>deinde</span> <span class='ocrx_word' id='word_1_277' title='bbox 492 3657 551 3713; x_wconf 76' lang='lat' dir='ltr'>suis,</span> <span class='ocrx_word' id='word_1_278' title='bbox 574 3669 620 3706; x_wconf 80' lang='lat' dir='ltr'>etc.</span> <span class='ocrx_word' id='word_1_279' title='bbox 641 3657 706 3705; x_wconf 85' lang='lat' dir='ltr'>conf.</span> <span class='ocrx_word' id='word_1_280' title='bbox 753 3657 825 3704; x_wconf 83' lang='lat' dir='ltr'>Conf.</span> <span class='ocrx_word' id='word_1_281' title='bbox 836 3656 973 3704; x_wconf 87' lang='lat' dir='ltr'>Mitscberl.</span> <span class='ocrx_word' id='word_1_282' title='bbox 986 3656 1017 3703; x_wconf 80' lang='lat' dir='ltr'>ad</span> <span class='ocrx_word' id='word_1_283' title='bbox 1029 3660 1115 3706; x_wconf 83' lang='lat' dir='ltr'>Horat.</span> <span class='ocrx_word' id='word_1_284' title='bbox 1126 3659 1172 3707; x_wconf 90' lang='lat' dir='ltr'>Od.</span> <span class='ocrx_word' id='word_1_285' title='bbox 1185 3663 1222 3719; x_wconf 92' lang='grc' dir='ltr'>ΙΙ,</span> <span class='ocrx_word' id='word_1_286' title='bbox 1237 3663 1261 3719; x_wconf 84' lang='grc'>3,</span> 
     </span>
    </p>
   </div>
   <div class='ocr_carea' id='block_1_4' title="bbox 205 3734 1351 3799">
    <p class='ocr_par' dir='ltr' id='par_1_8' title="bbox 205 3734 1351 3799">
     <span class='ocr_line' id='line_1_33' title="bbox 205 3734 1351 3799; baseline -0.001 -15"><span class='ocrx_word' id='word_1_287' title='bbox 205 3734 709 3799; x_wconf 54' lang='lat' dir='ltr'>PlutetsnpAEXX,30.-Violenter</span> <span class='ocrx_word' id='word_1_288' title='bbox 751 3751 850 3797; x_wconf 65' lang='lat' dir='ltr'>mrsq.</span> <span class='ocrx_word' id='word_1_289' title='bbox 861 3745 885 3781; x_wconf 88' lang='lat' dir='ltr'>et</span> <span class='ocrx_word' id='word_1_290' title='bbox 896 3737 936 3789; x_wconf 84' lang='lat'>11,</span> <span class='ocrx_word' id='word_1_291' title='bbox 951 3738 1262 3799; x_wconf 79' lang='lat' dir='ltr'>ro‚v.21sq.—Aurea</span> <span class='ocrx_word' id='word_1_292' title='bbox 1348 3748 1351 3754; x_wconf 87' lang='lat'>&#39;</span> 
     </span>
    </p>
   </div>
   <div class='ocr_carea' id='block_1_5' title="bbox 204 3808 1264 4193">
    <p class='ocr_par' dir='ltr' id='par_1_9' title="bbox 204 3808 1264 4193">
     <span class='ocr_line' id='line_1_34' title="bbox 204 3808 1262 3877; baseline 0.001 -15"><span class='ocrx_word' id='word_1_293' title='bbox 204 3817 328 3862; x_wconf 84' lang='lat' dir='ltr'>consulere</span> <span class='ocrx_word' id='word_1_294' title='bbox 341 3814 365 3860; x_wconf 83' lang='lat' dir='ltr'>in</span> <span class='ocrx_word' id='word_1_295' title='bbox 377 3808 539 3876; x_wconf 63' lang='lat' dir='ltr'>quemquam</span> <span class='ocrx_word' id='word_1_296' title='bbox 550 3811 600 3858; x_wconf 88' lang='lat' dir='ltr'>vid.</span> <span class='ocrx_word' id='word_1_297' title='bbox 610 3812 707 3868; x_wconf 75' lang='lat' dir='ltr'>XXVI,</span> <span class='ocrx_word' id='word_1_298' title='bbox 751 3813 792 3860; x_wconf 80' lang='lat' dir='ltr'>illa</span> <span class='ocrx_word' id='word_1_299' title='bbox 801 3824 934 3876; x_wconf 71' lang='lat' dir='ltr'>praecepta,</span> <span class='ocrx_word' id='word_1_300' title='bbox 943 3829 997 3877; x_wconf 86' lang='lat' dir='ltr'>quae</span> <span class='ocrx_word' id='word_1_301' title='bbox 1004 3828 1070 3860; x_wconf 87' lang='lat' dir='ltr'>nunc</span> <span class='ocrx_word' id='word_1_302' title='bbox 1079 3814 1180 3862; x_wconf 79' lang='lat' dir='ltr'>dictavit</span> <span class='ocrx_word' id='word_1_303' title='bbox 1188 3816 1262 3863; x_wconf 84' lang='lat' dir='ltr'>AEmi-</span> 
     </span>
     <span class='ocr_line' id='line_1_35' title="bbox 207 3888 1263 3956; baseline 0 -15"><span class='ocrx_word' id='word_1_304' title='bbox 207 3895 237 3941; x_wconf 79' lang='lat'>33</span> <span class='ocrx_word' id='word_1_305' title='bbox 247 3928 254 3950; x_wconf 85' lang='lat'>‚</span> <span class='ocrx_word' id='word_1_306' title='bbox 265 3909 291 3940; x_wconf 83' lang='lat' dir='ltr'>n.</span> <span class='ocrx_word' id='word_1_307' title='bbox 301 3909 324 3939; x_wconf 81' lang='lat' dir='ltr'>a.</span> <span class='ocrx_word' id='word_1_308' title='bbox 337 3919 370 3927; x_wconf 88' lang='lat'>-</span> <span class='ocrx_word' id='word_1_309' title='bbox 382 3892 460 3952; x_wconf 83' lang='lat' dir='ltr'>Quum</span> <span class='ocrx_word' id='word_1_310' title='bbox 470 3889 532 3952; x_wconf 82' lang='lat' dir='ltr'>quid</span> <span class='ocrx_word' id='word_1_311' title='bbox 541 3888 706 3954; x_wconf 70' lang='lat' dir='ltr'>resperserat,</span> <span class='ocrx_word' id='word_1_312' title='bbox 753 3891 780 3937; x_wconf 87' lang='lat' dir='ltr'>lii</span> <span class='ocrx_word' id='word_1_313' title='bbox 795 3891 922 3954; x_wconf 80' lang='lat' dir='ltr'>sapientia,</span> <span class='ocrx_word' id='word_1_314' title='bbox 935 3907 1007 3954; x_wconf 85' lang='lat' dir='ltr'>quam</span> <span class='ocrx_word' id='word_1_315' title='bbox 1024 3905 1109 3954; x_wconf 83' lang='lat' dir='ltr'>parum</span> <span class='ocrx_word' id='word_1_316' title='bbox 1128 3903 1152 3939; x_wconf 88' lang='lat' dir='ltr'>et</span> <span class='ocrx_word' id='word_1_317' title='bbox 1167 3893 1219 3956; x_wconf 85' lang='lat' dir='ltr'>ipse</span> <span class='ocrx_word' id='word_1_318' title='bbox 1238 3905 1263 3941; x_wconf 87' lang='lat' dir='ltr'>et</span> 
     </span>
     <span class='ocr_line' id='line_1_36' title="bbox 206 3965 1263 4032; baseline 0.002 -15"><span class='ocrx_word' id='word_1_319' title='bbox 206 3972 322 4018; x_wconf 83' lang='lat' dir='ltr'>incertum</span> <span class='ocrx_word' id='word_1_320' title='bbox 343 3969 389 4023; x_wconf 86' lang='lat' dir='ltr'>sit,·</span> <span class='ocrx_word' id='word_1_321' title='bbox 412 3968 567 4031; x_wconf 85' lang='lat' dir='ltr'>proverbium</span> <span class='ocrx_word' id='word_1_322' title='bbox 588 3977 637 4021; x_wconf 85' lang='lat' dir='ltr'>est,</span> <span class='ocrx_word' id='word_1_323' title='bbox 661 3983 710 4030; x_wconf 89' lang='lat' dir='ltr'>quo</span> <span class='ocrx_word' id='word_1_324' title='bbox 756 3965 858 4016; x_wconf 84' lang='lat' dir='ltr'>Romani</span> <span class='ocrx_word' id='word_1_325' title='bbox 872 3970 968 4032; x_wconf 82' lang='lat' dir='ltr'>&#39;sequuti</span> <span class='ocrx_word' id='word_1_326' title='bbox 982 3968 1091 4028; x_wconf 85' lang='lat' dir='ltr'>fuerint,</span> <span class='ocrx_word' id='word_1_327' title='bbox 1108 3971 1165 4018; x_wconf 82' lang='lat' dir='ltr'>satis</span> <span class='ocrx_word' id='word_1_328' title='bbox 1179 3969 1263 4020; x_wconf 87' lang='lat' dir='ltr'>docuit</span> 
     </span>
     <span class='ocr_line' id='line_1_37' title="bbox 206 4045 1264 4112; baseline 0.003 -18"><span class='ocrx_word' id='word_1_329' title='bbox 206 4045 715 4112; x_wconf 75' lang='lat' dir='ltr'>VarroSatyramiuscripsit:Nescis,quid</span> <span class='ocrx_word' id='word_1_330' title='bbox 756 4061 819 4100; x_wconf 83' lang='lat' dir='ltr'>sors,</span> <span class='ocrx_word' id='word_1_331' title='bbox 838 4063 910 4109; x_wconf 84' lang='lat' dir='ltr'>quam</span> <span class='ocrx_word' id='word_1_332' title='bbox 931 4049 1032 4094; x_wconf 79' lang='lat' dir='ltr'>Perseus</span> <span class='ocrx_word' id='word_1_333' title='bbox 1050 4047 1116 4109; x_wconf 81' lang='lat' dir='ltr'>apud</span> <span class='ocrx_word' id='word_1_334' title='bbox 1139 4050 1264 4097; x_wconf 78' lang='lat' dir='ltr'>Romanos</span> 
     </span>
     <span class='ocr_line' id='line_1_38' title="bbox 208 4124 1156 4193; baseline -0.005 -16"><span class='ocrx_word' id='word_1_335' title='bbox 208 4143 373 4193; x_wconf 72' lang='lat' dir='ltr'>resperserat</span> <span class='ocrx_word' id='word_1_336' title='bbox 391 4124 480 4182; x_wconf 66' lang='lat' dir='ltr'>velint,⁸</span> <span class='ocrx_word' id='word_1_337' title='bbox 501 4124 622 4172; x_wconf 81' lang='lat' dir='ltr'>Drakenb</span> <span class='ocrx_word' id='word_1_338' title='bbox 641 4125 711 4172; x_wconf 87' lang='lat' dir='ltr'>Conf.</span> <span class='ocrx_word' id='word_1_339' title='bbox 757 4134 870 4188; x_wconf 83' lang='lat' dir='ltr'>expertus</span> <span class='ocrx_word' id='word_1_340' title='bbox 885 4125 1156 4186; x_wconf 56' lang='lat' dir='ltr'>subministrante</span> 
     </span>
    </p>
   </div>
   <div class='ocr_carea' id='block_1_6' title="bbox 0 0 1518 4706">
    <p class='ocr_par' dir='ltr' id='par_1_10' title="bbox 0 0 1518 4706">
     <span class='ocr_line' id='line_1_39' title="bbox 0 0 1518 4706; baseline 0 0"><span class='ocrx_word' id='word_1_341' title='bbox 0 0 1518 4706; x_wconf 95' lang='lat' dir='ltr'> </span> 
     </span>
    </p>
   </div>
  </div>
 </body>
</html>
