2972 4720
220 338 246 375 Α.
260 329 284 374 C.
301 348 344 387 ¹7¹·

221 399 247 438 u.
263 398 286 436 C.
301 397 344 436 sus,

465 343 558 422 sss.
586 349 704 428 xsn.
732 352 839 450 css,
864 357 903 424 L.
927 355 987 424 L1.

1211 349 1255 446 ⁸7

188 491 299 573 parto
311 498 355 546 eo
367 474 503 544 cedere.
521 480 707 546 Postremo
722 480 773 548 ita
790 473 885 546 bello
900 489 936 544 et
944 499 1039 569 pace
1052 478 1169 570 quoeri
1177 469 1205 557 ⁵,
1219 489 1260 544 ut

194 590 286 657 mter
305 609 430 656 omnes
452 590 662 667 conveniat,
689 608 756 656 nec
776 589 912 679 turpius
937 583 1138 680 quidquam
1160 606 1254 668 csse,

193 721 305 794 quam
331 702 408 766 sine
435 701 627 768 certamine
653 700 792 772 cessisse
815 718 943 790 regn0,
968 719 1034 764 nec
1046 692 1261 791 praclarius

165 807 413 905 quamnam,
436 830 548 902 quam
558 829 632 902 pro
651 802 825 900 dignitate
843 828 887 875 ac
905 806 1095 898 majestate
1115 825 1258 872 omnem

181 921 378 1009 fortunam
397 930 586 1012 expertum
604 939 689 986 esse.

241 1030 295 1098 LI.
319 1027 439 1109 Peliae,
461 1028 498 1094 in
519 1039 639 1096 vetere
659 1026 756 1122 regia
776 1024 1035 1110 Macedonum,
1053 1022 1122 1092 hoc
1141 1021 1257 1092 consi·

191 1139 281 1210 lium
296 1152 383 1208 erat.
402 1138 607 1210 «Geramus
623 1160 727 1232 ergo,
749 1134 884 1230 inquit,
907 1132 973 1204 diis
995 1132 1090 1204 bene
1106 1133 1259 1230 juvanti·

192 1247 311 1334 «bus,
333 1244 481 1342 quando
505 1246 553 1316 ita
574 1245 727 1332 videtur,
752 1242 888 1315 bellum
903 1271 939 1330 »;
962 1244 1145 1339 literisque
1166 1243 1258 1314 circa

194 1355 378 1456 psaefectos
392 1355 560 1442 dimissis,
574 1357 706 1430 Citium
720 1354 956 1450 (Macedoniae
970 1353 1144 1451 oppidum
1157 1364 1165 1394 ¹
1184 1351 1256 1445 est)

126 1503 129 1508 ·
193 1467 316 1564 copias
331 1489 456 1536 omnes
477 1464 667 1538 con'tsahit.
687 1469 770 1562 lpse
788 1479 933 1536 contum
947 1464 1071 1535 hostiis
1085 1461 1257 1536 sacrificio

191 1575 358 1674 regaliter
378 1576 565 1662 Minervae,
590 1599 699 1671 quam
722 1590 852 1648 vocant
870 1574 1051 1661 Alcidem,
1075 1571 1257 1660 coniecto,

192 1711 276 1758 cum
295 1701 578 1784 purpuratorum
601 1699 636 1760 et
658 1685 850 1756 satellitum
872 1709 982 1756 manu
1004 1681 1189 1782 profectus
1205 1685 1259 1754 Ci-

192 1799 283 1868 tium
301 1811 365 1867 est.
384 1799 437 1866 Eo
452 1795 525 1889 jam
544 1818 671 1866 omnes
690 1793 929 1866 Macedonum
952 1809 1257 1889 externorumque

191 1907 406 1978 auxiliorum
438 1921 682 1976 convenerant
712 1906 834 2002 copiae.
868 1909 991 1977 Castra
1017 1919 1099 1977 ante
1127 1903 1257 1974 urbem

192 2019 317 2118 ponit,
332 2041 530 2113 omnesque
551 2029 705 2090 armatos
725 2017 762 2092 in
780 2039 908 2117 campo
931 2013 1092 2090 struxitz
1112 2017 1258 2090 Summa

191 2260 300 2326 cogitare
312 2260 381 2325 apud
393 2261 514 2316 animum,
527 2269 573 2306 etc.
589 2270 612 2306 et
627 2259 700 2308 Drak.

192 2339 251 2386 dum
264 2339 280 2387 i.
292 2356 331 2386 res
348 2351 416 2396 sunt,
433 2349 539 2385 statuere
553 2338 633 2400 apud,
654 2349 700 2385 etc.

229 2418 253 2464 5.
262 2419 384 2465 Postremo
394 2417 430 2464 ita
440 2416 500 2463 bello
512 2428 534 2463 et
539 2433 603 2480 pam
611 2417 699 2480 qnseri,

191 2499 268 2544 immo
279 2497 365 2545 beilum
374 2508 399 2544 et
403 2511 509 2560 pacem
521 2497 631 2544 Gronov.
643 2495 702 2542 0011.

191 2579 217 2634 1,
237 2591 268 2635 27
287 2592 325 2640 pr.
342 2578 384 2622 Ita
402 2575 464 2622 bello
478 2591 567 2638 pacem
589 2592 643 2642 pra
654 2574 703 2621 etri

192 2657 259 2715 conj.
286 2653 360 2702 Drak.
385 2664 410 2701 et
436 2653 472 2699 ita
494 2653 555 2700 bello
574 2665 597 2698 et
612 2669 701 2716 pacem

192 2733 271 2797 quari
286 2732 401 2793 Doujnt„
412 2731 439 2778 h.
452 2747 473 2780 e.
488 2731 580 2778 bellum
596 2747 701 2777 necesso-

192 2811 256 2862 riom
268 2827 319 2858 esse
331 2810 362 2857 ad
375 2826 460 2874 pacem
477 2809 625 2856 tolerabilem
636 2809 701 2857 obti-

193 2891 310 2947 nendem,
327 2901 351 2936 et
368 2889 507 2937 tentandam
523 2888 580 2935 belli
599 2899 700 2946 sortem,

193 2969 251 3034 quis
264 2969 315 3016 sitne
326 2968 391 3018 bello
406 2983 506 3034 regnum
519 2966 632 3016 abdicare
645 2982 702 3030 pro·

192 3048 292 3096 brosum
310 3046 434 3094 habeatur.
452 3048 524 3093 Forte
543 3045 591 3108 leg.
612 3043 640 3094 ici
655 3061 701 3108 pro

194 3127 238 3176 ita.
247 3153 282 3164 -
293 3128 365 3176 Hunc
380 3124 462 3172 locum
477 3123 594 3186 Doering.
609 3123 702 3172 duabus

192 3207 295 3256 vochus
314 3204 412 3253 Insestis
432 3205 466 3251 ita
481 3201 659 3251 emendandum
677 3213 700 3251 et

193 3284 374 3350 explanandum
402 3293 486 3350 putat:
510 3285 632 3332 Postremo
665 3281 702 3337 ita

193 3365 224 3412 de
235 3365 297 3413 bello
308 3376 403 3428 etpace
412 3362 489 3428 quari
497 3361 596 3418 debere,
606 3360 659 3408 scil.
670 3360 700 3408 ab

192 3444 237 3502 iis,
246 3444 289 3508 qui
298 3443 329 3491 de
338 3443 403 3492 bello
412 3451 437 3488 ot
445 3458 503 3505 pace
514 3440 664 3498 deliberant,
675 3451 702 3486 ut

193 3522 256 3569 inter
265 3538 346 3569 omnes
359 3520 500 3577 conveniat,
513 3531 540 3566 ut
549 3535 648 3577 omnes,
658 3519 701 3582 qui

193 3600 301 3649 debello
319 3611 344 3648 et
363 3615 423 3665 pace
443 3597 593 3657 deliberant,
612 3614 701 3646 conve·

192 3681 261 3728 uiant
278 3681 304 3728 In
327 3679 372 3728 hac
392 3677 526 3735 sententiis,
546 3693 590 3724 nec
609 3677 701 3741 turpius

192 3757 326 3822 quidwam
340 3775 405 3814 esse,
417 3769 464 3807 etc.
474 3758 519 3806 Eu.

228 3839 286 3886 Cn.
295 3842 334 3888 LI.
348 3854 369 3887 1.
380 3837 467 3886 Citium
478 3835 632 3884 Macedonia
642 3854 698 3900 opp.

193 3933 245 3966 non
262 3919 320 3966 olibi
341 3928 497 3966 memoratur.
511 3915 582 3976 sssis(
598 3910 699 3972 nitiva,

193 3997 209 4058 ἣ
234 4000 272 4046 νῦν
303 3997 390 4066 Κίτρον
416 3983 529 4046 1καλεῖται
548 3995 626 4043 Stsub.
641 3998 700 4044 Exo.

191 4075 310 4136 Iih.v11,
325 4092 379 4144 pag.
398 4078 462 4134 330,
480 4073 544 4123 unde
559 4074 661 4126 Palma.
675 4073 701 4123 in

745 2263 830 2308 Exere.
839 2260 870 2308 ad
877 2261 966 2324 Sosips.
975 2262 1053 2308 Graeo.
1061 2275 1085 2322 p.
1095 2258 1155 2314 302,
1161 2257 1256 2308 emend.

745 2339 843 2390 Κίττιον
855 2375 863 2402 ‚
875 2350 916 2387 sut
934 2335 999 2402 apud
1017 2339 1070 2384 Liv.
1090 2335 1188 2384 Citrum.
1209 2334 1257 2382 Sed

745 2419 865 2481 Exco-pto
888 2417 928 2466 illa
951 2417 1030 2465 Strob.
1048 2433 1098 2464 esse
1116 2413 1257 2461 recentIoris

745 2497 866 2558 GraecuII,
884 2507 909 2544 et
923 2496 1030 2544 dinetus
1045 2495 1121 2542 nrbes·
1129 2493 1217 2540 Citium
1232 2503 1257 2540 et

746 2577 869 2638 Pydnam,
884 2576 974 2624 docent
987 2573 1062 2622 Drak.
1074 2585 1098 2621 et
1111 2571 1214 2620 Wessel.
1225 2571 1257 2622 ed
1362 2585 1368 2592 ·

736 2655 865 2704 ,Antonini
875 2655 933 2703 ltin.
944 2669 999 2718 pag.
1011 2655 1071 2700 328.
1084 2678 1118 2686 -
1129 2649 1255 2706 Minerua,

746 2749 820 2796 qnam
830 2745 924 2780 nocant
931 2731 1041 2779 Ata'dem
1046 2749 1055 2786 ,⁸
1065 2730 1129 2776 dicta
1139 2730 1202 2776 ione
1212 2729 1255 2775 Al-

745 2812 780 2858 cis
798 2812 828 2858 ab
841 2810 911 2866 itui,
926 2808 1069 2858 Alcidemon
1087 2809 1151 2884 copj.
1164 2809 1257 2855 Tume-

745 2889 801 2948 bus,
813 2889 915 2942 Advers.
926 2889 1011 2944 xxx,
1024 2889 1065 2946 37,
1077 2897 1106 2933 ut
1114 2880 1255 2954 AIuiinpoc

747 2980 832 3028 iocata
853 2968 885 3016 sit
902 2984 915 3014 a
933 2965 1125 3016 Macedonibus.
1140 2965 1256 3028 quemad·

746 3047 845 3096 modum
858 3048 888 3094 ab
901 3045 954 3096 aliis
969 3045 1067 3102 Anione
1081 3057 1105 3094 et
1116 3025 1255 3116 Ἀλκιμάχη,

747 3126 867 3174 Alcimum
876 3123 986 3190 (fortem)
994 3125 1089 3172 emend.
1107 3125 1205 3185 Doujat.
1217 3125 1256 3174 vel

749 3203 856 3260 Alcida,
866 3199 991 3262 Hercula,
1001 3219 1072 3266 aquo
1082 3218 1149 3268 reges
1158 3203 1256 3254 Maced.

745 3283 864 3346 originem
878 3283 978 3332 ducant.

774 3379 804 3432 4α.
827 3364 961 3425 Omnesque
983 3371 1091 3409 armatos
1112 3359 1137 3407 in
1167 3378 1254 3427 cumpo

744 3441 846 3498 struxit,
861 3443 934 3488 immo
944 3439 1060 3488 instruxit
1069 3438 1122 3502 (sed
1132 3453 1156 3488 et
1165 3451 1256 3488 struere

745 3520 822 3568 aciem
836 3520 919 3568 dixere
938 3520 990 3568 Liv.
1001 3521 1075 3578 VIII,
1091 3523 1120 3577 8,
1138 3523 1192 3578 IX,
1210 3522 1256 3580 31,

745 3602 824 3658 XLII,
847 3617 876 3662 7,
901 3611 926 3646 et
948 3598 1026 3648 Tacit.
1044 3599 1110 3646 Ann.
1132 3600 1184 3660 xl,
1203 3606 1256 3657 nt,

745 3678 809 3727 liin.
828 3679 872 3738 IV,
893 3685 925 3733 24
936 3713 943 3736 ,
955 3679 987 3735 V,
1004 3692 1049 3734 ιη
1066 3675 1215 3739 Drskenb.);
1230 3687 1254 3724 ct

744 3772 803 3806 mox
812 3756 980 3822 quadraginta
992 3754 1040 3802 tria
1051 3753 1128 3800 miliia
1139 3766 1254 3812 armata,-

745 3837 856 3884 Gronov.
877 3835 950 3883 Coni.
969 3845 1075 3881 extreme
1095 3833 1166 3880 verbs
1182 3831 1254 3898 hujus

745 3932 799 3978 cop.
812 3917 850 3962 Ex
862 3914 950 3960 XLIII
965 3913 1054 3958 Iactum
1069 3927 1120 3957 esse
1130 3913 1206 3958 XLM
1212 3929 1252 3960 sn-

745 3994 883 4058 spicobntut
894 3991 969 4039 Drnk.
984 3993 1056 4039 Forte
1072 4001 1097 4036 et
1112 3990 1159 4055 leg.
1171 4008 1255 4040 arma-

746 4073 779 4130 ti,
796 4074 812 4123 i.
826 4061 848 4120 e.
865 4082 1026 4130 amatorum,
1043 4081 1070 4117 ut
1085 4083 1191 4136 quatuor
1203 4071 1255 4122 mil·
