2984 4706
218 403 221 417 '
259 414 328 495 aa
681 413 718 474 i.
754 409 895 475 mvn
1173 391 1298 496 tttzttt

259 555 388 616 «rem,
414 553 521 624 quam
549 543 758 623 praesentem
782 551 950 614 monere,
973 528 1100 596 melius
1121 530 1237 598 visum
1259 544 1325 598 est.

257 673 272 706 u
287 646 331 710 Et
354 638 439 723 tibi,
465 642 500 706 P.
528 639 674 719 Nasica,
697 651 733 705 et
757 638 977 731 quicumque
999 636 1117 721 idem,
1139 637 1240 732 quod
1263 653 1329 716 tu,

256 783 272 815 u
287 749 462 822 occultius
475 761 682 830 senserunt,
696 769 771 814 non
782 743 957 840 gravabor
969 745 1118 816 reddere
1130 745 1246 816 dilatae
1259 771 1328 842 pu·

257 892 274 926 u
288 885 367 955 gnae
389 858 576 928 rationem.
599 859 688 925 Nam
710 869 850 924 tantum
870 852 989 941 abest,
1011 870 1051 924 ut
1070 881 1128 925 me
1148 855 1329 926 hesternae

255 1001 272 1036 (ι
287 969 417 1064 quietis
437 966 631 1062 poeniteat,
659 979 699 1034 ut
723 978 904 1033 servatum
927 989 947 1032 a
969 988 1027 1033 me
1052 967 1249 1035 exercitum
1277 991 1327 1035 eo

257 1109 273 1142 «
287 1076 437 1146 consilio
463 1073 616 1144 credam.
645 1076 686 1141 In
710 1097 782 1167 qua
802 1097 859 1143 me
880 1067 1053 1170 opinione
1073 1098 1148 1145 esse
1171 1101 1217 1144 ne
1240 1078 1327 1171 quis

257 1219 273 1250 α
287 1191 362 1256 sine
389 1209 492 1255 causa
518 1198 676 1253 vestrum
706 1182 848 1266 credat,
871 1199 1124 1280 recognoscat,
1149 1185 1325 1282 agedum,

257 1326 273 1359 «
289 1317 449 1378 mecum,
474 1293 502 1361 si
528 1289 708 1375 videtur&
733 1315 843 1386 quam
864 1290 978 1362 multa
995 1316 1063 1390 pro
1085 1293 1187 1364 hoste
1209 1309 1245 1365 et
1264 1295 1325 1364 ad-

257 1437 272 1470 «
288 1429 412 1476 versus
428 1427 494 1473 n0s
512 1399 654 1471 fuerint.
676 1407 752 1470 Jam
772 1404 935 1472 omnium
951 1406 1125 1499 primum,
1145 1421 1326 1501 quantum

255 1549 272 1581 «
287 1539 439 1587 numero
466 1536 533 1582 uus
556 1525 745 1609 praestent,
769 1515 948 1582 neminem
971 1531 1128 1584 vestrum
1152 1540 1219 1585 nec
1240 1530 1325 1584 ante

257 1659 272 1690 ι(
287 1629 468 1723 ignorasse
478 1677 487 1711 ,
497 1638 533 1692 et
542 1621 712 1692 hesterno
723 1619 781 1690 die
791 1620 1006 1716 implicatam
1017 1624 1196 1693 intuentes
1210 1626 1324 1694 aciem

257 1735 595 1812 «animadvertisse,
620 1745 758 1801 certum
779 1729 907 1801 habeo.
933 1737 984 1801 Ex
1007 1732 1074 1804 liae
1095 1747 1216 1802 nostra
1238 1737 1325 1828 pau-

257 1880 274 1914 «
288 1850 392 1918 citate
421 1859 548 1940 quarta
575 1867 657 1938 pars
685 1841 839 1910 militum
868 1841 1032 1937 praesidio
1058 1841 1325 1938 impedimentis

258 1987 274 2019 (ι
289 1954 414 2024 relicta
427 1967 520 2022 erat:
540 1943 608 2020 uec
624 1951 887 2045 ignavissimum
907 1974 1091 2046 quemque
1108 1950 1265 2047 relinqui
1279 1951 1325 2022 ad

213 2105 216 2112 ,
258 2060 487 2138 «custodiam
515 2061 731 2160 sarcinarum
760 2061 865 2131 scitis.
882 2059 951 2130 Sed
975 2059 1149 2132 fuerimus
1171 2085 1321 2132 omnes:

259 2195 441 2270 «parvum
458 2170 529 2239 hoc
546 2167 692 2240 tandem
710 2193 785 2240 esse
802 2169 1001 2257 credimus,
1016 2171 1124 2267 'quod
1141 2195 1183 2242 ex
1201 2169 1256 2240 his
1270 2195 1324 2241 ca-

260 2281 398 2366 «stris,
424 2277 624 2374 inquibus
653 2277 720 2346 hac
747 2293 852 2348 nocte
881 2281 1095 2364 mansimus,
1125 2282 1256 2350 exituri
1286 2283 1322 2350 in

260 2393 404 2461 «aciem
425 2387 603 2457 hodierno
623 2402 684 2456 aut
701 2411 879 2457 summum
896 2389 1048 2458 crastino
1064 2388 1143 2475 die,
1165 2391 1193 2460 si
1211 2391 1259 2460 ita
1274 2392 1322 2458 vi·

260 2533 275 2563 «
291 2499 457 2582 debitur,
476 2498 542 2566 diis
555 2495 649 2567 bene
664 2495 886 2589 juvantibus,
901 2500 1045 2568 sumus?
1057 2498 1200 2568 Nihilne
1216 2499 1321 2569 inter·

260 2642 276 2673 «
293 2624 365 2695 est,
385 2622 508 2678 utrum
529 2605 697 2693 militem,
717 2629 827 2702 quem
850 2630 970 2702 neque
988 2608 1052 2675 viae
1072 2601 1174 2676 labec
1196 2607 1321 2690 hodie,

261 2741 412 2814 «neque
440 2716 559 2813 operis
584 2710 804 2810 fatigaverit,
831 2718 1055 2811 requietum,
1084 2717 1259 2814 integrum
1285 2719 1320 2783 in

262 2861 277 2892 u
293 2830 448 2898 tentorio
476 2849 541 2898 suo
568 2848 665 2894 arma
690 2847 817 2925 capere
841 2822 992 2917 jubeas,
1018 2839 1125 2918 atque
1147 2825 1184 2892 in
1211 2825 1319 2894 aciem

262 2971 278 3004 «
293 2939 440 3036 plenum
459 2937 608 3021 virium,
627 2935 806 3032 vigentem
826 2948 861 3003 et
882 2957 1035 3031 corpore
1049 2949 1086 3003 et
1099 2935 1218 3002 animo
1233 2934 1319 3004 edu·

263 3079 278 3112 «
292 3049 374 3118 cas?
387 3071 432 3116 an
445 3045 555 3140 longo
569 3045 695 3114 itinere
710 3042 894 3141 fatigatum
910 3058 945 3114 et
959 3068 1071 3113 onere
1085 3041 1235 3128 fessum,
1254 3069 1321 3114 ma·

263 3157 438 3226 «dentem
454 3153 603 3238 sudore,
623 3151 833 3223 ardentibus
846 3155 902 3222 siti
919 3149 1116 3239 faucibus³,
1134 3177 1196 3222 ore
1215 3167 1319 3247 atque

301 3357 325 3388 a.
340 3339 365 3386 Si
377 3339 475 3388 ‘uidetur
487 3341 525 3400 ei,
539 3341 620 3398 lubet,
634 3342 723 3406 placet.
739 3367 768 3378 -
817 3355 851 3388 tes
870 3342 962 3397 aciem,
977 3341 1051 3388 inuno
1068 3341 1217 3406 explicatam
1223 3362 1233 3399 ;
1244 3346 1317 3392 Gron.

268 3421 390 3478 Quantum
403 3433 502 3465 nuntcro
517 3435 560 3466 uus
573 3431 706 3481 piamun
717 3423 773 3468 Per·
816 3447 851 3456 --
869 3420 917 3466 Sed
921 3418 1045 3484 jueninus
1059 3437 1154 3477 omncs,
1171 3423 1233 3468 lente
1251 3423 1318 3487 sedf

265 3514 320 3544 scus
340 3511 426 3559 supra,
444 3499 530 3557 xm,
546 3513 600 3562 cap.
621 3499 662 3555 51,
684 3499 773 3545 dieitur
817 3513 867 3542 tuta
876 3513 958 3544 emim
964 3532 972 3556 ,
984 3515 1018 3546 sc.
1026 3499 1092 3546 nulla
1103 3511 1171 3563 parte
1178 3500 1280 3548 militum
1290 3503 1319 3548 ad

266 3576 377 3624 hahuisse
408 3573 630 3637 undequadraginta
662 3577 770 3639 peditum
817 3576 952 3623 custodiam
965 3580 1111 3625 tacunarum
1124 3579 1244 3636 detractu
1259 3580 1317 3628 an.

266 3655 354 3712 millia,
371 3662 476 3714 quatuor
489 3654 606 3716 equitum.
624 3655 724 3703 consui
739 3672 770 3702 ex
815 3659 854 3701 An
872 3654 920 3717 leg.
943 3657 1091 3720 adjecerimus
1112 3668 1153 3704 aut
1172 3659 1315 3714 steterimus,

266 3731 402 3796 legionibus
417 3731 523 3778 romanis
534 3742 559 3778 ct
570 3733 678 3780 exercitu
686 3733 770 3780 sociali
814 3732 839 3781 h.
854 3751 875 3780 e.
897 3734 933 3781 fac
951 3751 996 3782 nos
1015 3751 1098 3782 omnes
1113 3735 1138 3782 in
1157 3737 1208 3784 acie
1228 3739 1316 3783 stetisse

267 3822 334 3858 erant
352 3808 531 3873 duodetriginta
552 3811 626 3858 millia
645 3812 769 3875 peditum,
814 3811 926 3858 hesterno
939 3813 997 3860 die?

268 3889 377 3950 equitum
394 3887 456 3945 dun,
469 3899 497 3936 nt
509 3889 630 3950 colligitur
642 3905 675 3936 ex
687 3892 770 3946 XLII,
851 3891 874 3937 3.
887 3891 1035 3939 Ardemttus
1046 3893 1088 3939 siti
1088 3893 1214 3956 furacibus,
1225 3894 1287 3942 forte
1298 3913 1319 3940 a·

269 3983 323 4030 cap.
335 3968 365 4012 31
376 3999 383 4022 ‚
397 3976 420 4011 et
435 3965 507 4025 hujus
518 3965 576 4014 libri
590 3983 644 4029 cap.
664 3984 706 4015 21.
717 3972 771 4016 Huc
816 3970 928 4025 rentibus,
937 3980 964 4016 ut
970 3971 1039 4018 oud.
1049 3975 1156 4030 vat,
1167 3972 1225 4028 355,
1235 3972 1319 4036 Etfau·

267 4043 330 4090 adde
338 4057 390 4092 non
398 4058 482 4106 magna
492 4059 548 4090 sane
558 4045 634 4092 Auiti
642 4057 665 4092 et
673 4047 773 4110 Misnge
817 4064 855 4094 ccc
868 4061 956 4095 aiant:
971 4050 1013 4097 sed
1029 4061 1053 4098 et
1072 4051 1143 4115 ι’ςηεα
1157 4051 1221 4107 sitis,
1234 4062 1318 4097 currere

268 4124 306 4170 nis
315 4121 413 4175 nullia.
423 4122 468 4168 En.
478 4121 674 4184 -tmptteacam
683 4123 773 4172 uicum-
814 4138 900 4190 guttur
910 4138 933 4176 et
951 4145 1020 4176 urere
1037 4129 1116 4193 poetis
1130 4129 1232 4187 diuitum
1247 4131 1318 4178 Genu.
