2984 4706
205 355 330 462 23233323
420 377 570 443 aaran
601 376 739 443 xnru
766 377 869 442 aar.
897 377 994 441 xm.
1172 373 1235 446 251

177 493 429 579 Intervallum,
451 494 551 590 quod
568 496 664 564 inter
682 510 842 566 caetratos
860 512 895 565 et
912 495 1130 592 phalanges¹
1147 514 1242 583 erat,

177 605 342 701 implevit
352 602 464 701 legio,
478 619 586 700 atque
596 607 706 675 aciem
720 605 877 676 hostiurn
889 606 1089 704 interrupit.
1101 610 1132 676 A
1142 620 1242 702 tergo

179 716 329 784 caetratis
352 729 448 803 erat,
475 713 632 786 frontem
660 715 828 785 adversus
857 715 1036 814 clypeatus
1060 715 1242 787 habebat:

178 824 376 923 aglaspides
393 823 701 924 appellabantur2.
720 824 920 895 Secundam
937 825 1113 921 legionem
1128 831 1165 896 L.
1182 827 1244 896 Al·

178 932 287 1003 binus
302 934 498 1004 consularis
514 934 646 1004 ducere
662 935 827 1005 adversus
843 934 1082 1032 leucaspidem
1099 935 1244 1033 phalan-

179 1057 259 1138 gem
273 1042 395 1135 jussus
412 1070 419 1110 :
441 1067 482 1114 ea
500 1043 618 1114 media
637 1045 728 1114 acies
747 1044 904 1114 hostium
924 1043 1000 1114 fuit.
1017 1050 1059 1115 In
1077 1045 1244 1118 dextrum

180 1176 316 1237 cornu,
335 1152 434 1223 unde
451 1155 546 1224 eirca
564 1153 713 1224 fluvium
733 1156 962 1226 commissum
979 1155 1141 1252 praelium
1158 1171 1243 1242 erat,

180 1261 386 1360 elephantes
407 1263 544 1334 inducti
563 1279 599 1334 et
624 1264 677 1334 ala
699 1265 903 1334 sociorum:
927 1280 963 1336 et
985 1265 1069 1336 hine
1087 1268 1245 1363 primum

179 1369 263 1467 luga
276 1363 514 1444 Macedonum
536 1388 590 1443 est
609 1369 722 1443 orta³.
739 1377 828 1445 Nam
851 1375 942 1446 sicut
961 1374 1133 1473 pleraque
1152 1399 1245 1445 nova

180 1497 385 1552 commenta
410 1483 617 1553 mortalium
643 1483 681 1550 in
711 1481 829 1552 verbis
856 1484 929 1552 vim
954 1482 1107 1571 hahent,
1136 1509 1245 1581 expe-

215 1665 276 1714 Car.
290 1667 357 1713 XLI.
376 1681 396 1712 1.
417 1669 485 1713 Inter
499 1664 688 1730 ennatospide
732 1681 762 1711 eo
784 1677 893 1730 tempore
915 1667 1056 1730 elephantos
1082 1667 1109 1712 in
1134 1665 1242 1712 exercitu

179 1743 211 1791 ad
220 1746 297 1801 XXI,
308 1759 389 1802 21,n‚
399 1743 426 1809 6)
436 1756 460 1792 et
464 1743 614 1809 phalanges,
625 1745 689 1791 Iorte
732 1745 823 1808 colligo
836 1763 866 1792 ex
881 1762 934 1809 cap.
951 1747 974 1793 5.
990 1747 1109 1794 Caeterum
1125 1761 1200 1808 quum
1215 1746 1242 1792 in

174 1821 326 1887 phalangem
330 1841 342 1878 ;
354 1839 410 1870 nam
422 1824 448 1870 in
462 1824 513 1871 aeia
524 1822 689 1871 Macedonum
731 1817 842 1866 exercitu
857 1833 958 1864 romano
974 1818 1029 1866 duae
1044 1819 1135 1865 luerint
1145 1817 1189 1864 alae
1200 1833 1240 1864 so·

180 1918 228 1948 una
247 1913 340 1950 tantum
359 1902 468 1966 phalanx
491 1914 556 1963 erat,
575 1903 602 1950 in
624 1904 689 1950 varia
734 1896 843 1954 ciorum,
861 1896 1002 1945 destruant
1014 1897 1112 1944 sinistra
1123 1897 1243 1944 exciditne

180 1980 284 2027 militum
296 1997 380 2044 genera
393 1981 482 2040 divisa;
494 1981 541 2028 nisi
553 1982 636 2029 Livius
649 1998 688 2028 ra·
733 1976 843 2032 Videtur?
854 1975 928 2024 Dral.

180 2059 248 2106 tione
267 2060 372 2123 partium
399 2060 463 2108 dixit
480 2060 631 2125 phalanges,
661 2072 689 2109 ut
769 2058 868 2105 3.Hinc
881 2057 1062 2122 primumsuga
1078 2056 1242 2103 Macedonum

181 2138 245 2186 Plut.
257 2140 339 2188 AEmil.
352 2156 406 2203 pag.
421 2140 484 2197 265,
497 2140 522 2192 al
536 2146 583 2192 τῶν
596 2147 689 2206 χαλκᾶ.
733 2148 769 2185 est
779 2149 849 2194 arta,
858 2159 870 2178 u
881 2139 974 2200 impetu
982 2137 1026 2184 alae
1037 2137 1172 2183 seclorum:
1184 2151 1243 2190 narn

181 2212 277 2270 auidus
292 2219 436 2288 φάλαγγες,
457 2229 498 2266 aut
517 2220 613 2284 scripsit
624 2220 689 2284 phu·
733 2216 760 2263 id
774 2216 869 2264 Inducti
887 2216 1009 2280 elephanti
1022 2213 1118 2263 efficere
1132 2231 1183 2262 non
1196 2231 1242 2278 po-

180 2295 389 2361 lungitas,·Dralr.
492 2301 494 2306 ’
732 2307 844 2354 tucrum,
865 2296 908 2343 sed
928 2296 955 2342 In
972 2295 1069 2342 hostem
1088 2295 1136 2342 aeti
1154 2310 1241 2341 nomen

217 2376 374 2424 a.Adversus
387 2378 520 2439 clypeatus,
533 2377 689 2443 quiaglctspi·
733 2387 829 2423 tantum
851 2374 902 2422 sine
927 2391 970 2422 nsu
985 2373 1103 2439 suerunt,
1124 2385 1148 2422 et
1166 2389 1242 2421 vanus
1275 2379 1278 2384 '

181 2456 223 2503 des
232 2456 430 2519 appellabantur,
441 2455 472 2503 sb
481 2456 571 2525 ἀγλαὸς
581 2457 689 2521 splendi·
732 2471 815 2503 eorum
824 2455 936 2518 impetus.
948 2453 1140 2518 Elephantorum
1150 2469 1208 2500 usus
1216 2452 1243 2498 in

181 2534 228 2581 dus
241 2545 265 2582 et
277 2532 352 2594 ἄσπις
365 2537 478 2600 clypeum
487 2537 534 2583 nisi
544 2553 599 2584 cum
611 2538 688 2584 Gron.

181 2613 227 2676 leg.
247 2613 412 2678 chalcaspides
436 2629 467 2662 ex
488 2615 553 2663 I'lut.
576 2615 593 2661 l.
610 2615 626 2661 l.
646 2617 689 2678 qui

181 2693 252 2740 etiam
261 2704 425 2743 memorantur
435 2694 522 2758 Polyb.
534 2698 572 2754 Ii,
586 2696 620 2742 65
625 2729 632 2753 ,
643 2696 688 2754 663

182 2773 227 2828 tv,
240 2773 282 2832 67,
292 2775 340 2835 69;
351 2776 384 2831 V,
397 2790 446 2836 91,
462 2784 486 2821 et
496 2773 559 2822 aliis.
572 2773 644 2820 cons.
658 2774 689 2821 ad

181 2851 260 2911 XXI,
278 2867 319 2910 ar,
339 2869 364 2898 n.
383 2852 408 2901 6.
429 2851 605 2917 Argyraspides
621 2853 688 2912 conj.

181 2929 262 2980 Ursiit.
272 2951 285 2972 ι
294 2931 372 2979 Modo
388 2932 497 2989 dixerat,
510 2931 631 2993 legionem
644 2931 689 2978 irn-

181 3008 283 3072 plevisae
301 3009 452 3060 intervallum
465 3011 529 3057 inter
539 3020 653 3056 caetratos
667 3021 690 3056 er

177 3085 340 3152 phalangem:
353 3104 419 3136 nunc
430 3088 513 3150 addit,
527 3087 647 3149 legionem
655 3088 689 3134 ita

182 3167 333 3230 perrupisse,
347 3179 375 3215 ut
389 3184 402 3215 a
414 3179 483 3231 tergo¹
493 3166 593 3216 haberet
603 3177 688 3213 coetra-

182 3257 236 3302 tas,
254 3261 268 3292 a
284 3247 365 3294 fronte
384 3247 514 3310 clypeatus.
533 3247 601 3294 Patet
619 3261 689 3308 ergo,

182 3323 308 3388 clypeatae
322 3342 373 3372 esse
385 3324 553 3389 phalangitae:
567 3324 594 3370 hi
610 3335 691 3372 autem

182 3413 250 3450 erant
263 3403 439 3468 chalcaspides,
453 3421 496 3451 seu
512 3403 580 3451 aereis
598 3403 691 3466 clypeis

732 2534 818 2597 praello
840 2550 927 2580 novum
949 2544 1108 2580 commentum
1128 2542 1241 2589 vocatur,

733 2613 772 2660 vel
788 2613 810 2658 ei
824 2622 977 2676 comparatur
990 2623 1102 2675 respectu
1121 2613 1244 2658 Romano·

733 2707 800 2750 rum,
817 2691 860 2752 qui
876 2691 906 2739 ils
922 2690 988 2738 haud
1008 2702 1098 2738 temere
1116 2701 1171 2736 ante
1189 2689 1243 2736 haec

733 2781 843 2833 tempora
853 2771 879 2816 in
890 2770 980 2834 praeliis
992 2771 1030 2816 usi
1042 2780 1106 2817 sunt.
1116 2772 1145 2816 In
1157 2769 1243 2831 praello

733 2865 789 2896 cum
800 2849 922 2896 Antiocho
934 2859 1029 2896 tantum
1038 2859 1097 2911 post
1110 2847 1205 2894 triarios
1217 2847 1243 2893 in

733 2928 842 2976 subsidio
858 2929 933 2977 locati
947 2939 1020 2985 sunt,
1037 2944 1101 2985 non,
1122 2937 1149 2973 ut
1163 2943 1243 2983 nune,

733 3009 759 3055 in
776 3007 870 3056 hostem
891 3007 954 3065 acti3
972 3007 1027 3054 vide
1046 3006 1079 3054 ad
1100 3007 1241 3063 XXXVII,
1293 2991 1294 2999 ¹

734 3089 796 3148 39¹³·
820 3087 893 3135 Drak.
911 3113 947 3122 —-
960 3086 1079 3150 Pleraque
1096 3102 1159 3132 nova
1177 3101 1241 3131 com-

734 3177 834 3220 mentar
849 3164 904 3212 vide
918 3165 949 3211 ad
960 3167 999 3222 X,
1015 3165 1096 3224 13,n.
1111 3179 1150 3210 12.
1165 3191 1194 3200 -—
1208 3165 1241 3211 Ea

734 3256 770 3293 est
782 3244 813 3291 ad
824 3245 850 3291 h.
862 3244 879 3292 l,
890 3245 996 3292 Creverii
1008 3255 1079 3291 nota:
1094 3265 1105 3284 n
1115 3246 1177 3290 Tota
1189 3243 1241 3290 haec

733 3324 849 3388 periodus
861 3324 922 3386 qnid
933 3324 980 3371 sibi
990 3324 1049 3372 velit
1061 3323 1190 3382 hocloco,
1203 3339 1243 3386 pa·

734 3419 789 3450 rum
803 3402 921 3451 vitemus.
934 3404 996 3451 Nam
1009 3419 1087 3465 neque
1101 3402 1243 3467 elephanto-

181 3481 340 3530 utebantur».
365 3481 439 3529 Drak.
462 3509 497 3518 —·
519 3481 690 3545 hircaspidem
735 3499 789 3530 rum
797 3483 892 3530 nausia
902 3483 991 3547 praeliis
1005 3493 1163 3530 novumtum
1176 3498 1243 3529 com-

178 3559 420 3626 phalangem,eujus
430 3563 510 3628 clypei
519 3572 587 3609 erant
595 3561 690 3624 λευκοὶ,
734 3572 841 3610 mentum
865 3562 1004 3610 mortalium
1023 3561 1108 3609 haberi
1130 3572 1239 3626 poterat:

181 3639 239 3687 albi,
254 3667 284 3676 —
301 3643 332 3686 In
344 3640 457 3687 decertem
468 3657 544 3688 corna
553 3641 691 3704 elephantus
735 3658 781 3689 nec
791 3641 904 3689 videntur
913 3657 1003 3689 nomen
1012 3642 1066 3689 sine
1076 3658 1122 3688 usu
1135 3641 1208 3687 fuisse
1217 3639 1244 3686 in

183 3718 277 3767 inducti
297 3730 321 3766 et
337 3720 381 3766 ala
400 3719 538 3778 sociorum
562 3720 691 3783 intelligo,
735 3721 781 3767 hac
800 3735 899 3783 pugna3
919 3707 995 3767 imm'o
1018 3720 1168 3767 contrarium
1186 3720 1245 3765 satis

182 3800 308 3845 Romanos
323 3799 350 3845 in
363 3797 564 3847 dextrumcornu
573 3800 692 3847 nescitus
736 3800 975 3863 indicaturproxime
985 3797 1142 3862 sequentibus
1152 3798 1244 3846 verbis:
1336 3853 1338 3858 Ι

183 3876 229 3933 sui,
237 3877 287 3923 sire
295 3877 321 3924 in
331 3878 433 3941 palmam
444 3879 513 3926 istius
523 3895 599 3926 cornu
608 3879 693 3941 aciem,
739 3878 929 3942 Elephantorum
961 3878 1076 3941 impetunt
1108 3877 1247 3940 subsequuti

183 3955 308 4003 induxisse
320 3955 475 4020 elephantos,
488 3957 694 4020 quoshahebant,
738 3968 794 4004 sunt
810 3956 870 4004 socii
889 3955 992 4004 namr'nr's
1009 3955 1087 4003 latini.
1104 3956 1162 4003 Non
1182 3971 1244 4019 aegre

184 4045 209 4082 et
231 4034 292 4082 alam
315 4036 451 4096 sociorum,
466 4048 494 4084 ut
511 4037 598 4084 laevum
617 4052 695 4083 cornu
737 4036 810 4084 nobis
822 4037 961 4106 persuaderi
975 4035 1243 4102 pateremurillampe·

183 4111 290 4164 hostiam
298 4114 447 4164 invaderent.
454 4114 694 4164 Romanoshabuisae
737 4115 835 4164 nodum
844 4131 876 4164 ex
883 4115 933 4164 alio
943 4115 1025 4180 aliquo
1033 4115 1089 4164 loco
1099 4115 1147 4164 hue
1157 4125 1245 4166 temere
