2970 4712
547 381 863 454 FRAGMENTA.
1165 395 1233 496 369

544 593 689 660 LIBRI
722 595 861 664 XCIV.

216 771 353 858 Livius,
366 772 403 840 in
417 768 509 842 libro
520 774 645 860 XCIV,
655 776 843 846 Inarimem
855 778 892 846 in
906 779 1232 874 partibusMaeoniae

168 905 248 952 esse
267 879 354 952 dicit
366 908 375 967 ;
396 879 460 950 ubi
474 905 539 978 per
552 883 813 979 quinquaginta
826 885 936 958 millia
951 903 1051 962 terrac
1064 895 1137 989 igni
1152 923 1233 968 exu-

167 1006 230 1061 stae
246 1005 343 1060 sunt.
360 996 436 1062 Hoc
452 993 559 1062 etiam
573 997 769 1064 Homerum
785 994 998 1092 significasse
1013 1001 1099 1072 vult.
1165 1061 1173 1068 .

222 1133 289 1179 Serv.
304 1131 336 1178 sd
345 1131 414 1194 VIrg.
426 1131 480 1178 AEn.
491 1131 544 1188 tx,
557 1131 739 1190 71⁵.--cons.
750 1132 889 1181 salmasad
901 1135 976 1184 Solin.
987 1154 1011 1201 p.
1024 1139 1065 1197 68,
1081 1141 1105 1186 6.

559 1309 708 1376 LIBRI
741 1310 848 1378 CIII.

214 1464 424 1538 Horrendus
441 1469 551 1564 magis
564 1481 636 1554 est,
652 1469 781 1564 premit
795 1469 859 1565 qui
873 1493 1042 1567 corpora,
1056 1473 1174 1546 carbo.

212 1577 293 1648 Urit
307 1575 366 1647 hic
379 1575 554 1660 inclusus,
570 1575 686 1646 vitalia
700 1578 837 1674 rumpit
850 1577 1006 1650 acerbus.

124 1687 130 1694 ’
212 1689 316 1756 Hunc
330 1700 469 1756 veteres
483 1685 667 1781 quondam
682 1687 785 1757 variis
798 1688 971 1784 pepulere
986 1689 1143 1761 medelis.

211 1798 330 1868 Tertia
344 1821 500 1893 namque
516 1797 584 1865 Titi
598 1795 704 1866 simul
718 1811 754 1867 et
768 1799 960 1868 centesima
973 1799 1050 1868 Livi

212 1907 343 1978 Charta
357 1908 480 1992 docet,
496 1905 591 1977 ferro
605 1906 712 1982 talem
727 1905 902 1990 candente
922 1907 1084 1978 dolorem

212 2021 404 2104 Enetum,
420 2031 482 2088 aut
495 2031 583 2113 poto
597 2040 767 2114 raporum
781 2018 916 2088 semine
931 2018 1074 2115 pulsum
1086 2049 1095 2106 ;

210 2124 341 2198 Infecti
356 2126 479 2198 dicens
495 2127 553 2196 vix
571 2140 708 2223 septem
724 2151 829 2223 posse
844 2125 972 2198 diebus

211 2236 327 2308 Vitam
344 2235 516 2334 produci:
534 2249 632 2308 tanta
646 2251 699 2308 cst
713 2237 881 2308 violentia
895 2237 1023 2308 morbi.

115 2435 121 2443 ι
214 2377 245 2437 Q.
255 2376 336 2424 seren.
348 2377 449 2437 Samon.)
456 2376 486 2422 de
497 2375 588 2424 Medio.
600 2391 654 2440 cap.
668 2377 714 2437 39,
725 2391 747 2422 v.
760 2375 809 2436 725
819 2380 855 2440 sq.
925 2414 929 2422 .

540 2566 690 2634 nrum
723 2566 846 2632 oxu.
926 2515 930 2527 ’

208 2747 331 2814 Castra
356 2762 504 2837 quoque
530 2740 677 2810 diversis
699 2739 860 2838 pambus
882 2742 1023 2810 Cassius
1042 2753 1077 2810 et
1099 2743 1222 2836 Bogud

160 2849 276 2922 adorti
306 2849 403 2919 haud
429 2849 583 2918 multum
612 2846 779 2934 obfuere,
807 2851 895 2945 quin
923 2874 1032 2945 opera
1057 2872 1220 2946 perrum-

185 2973 296 3029 erent.

159 2984 183 3057 p
207 3072 290 3160 Quo
315 3082 476 3164 tempore
495 3059 662 3136 firmandi
675 3067 775 3163 regni
795 3066 949 3164 Bogudis
966 3091 1070 3138 causa
1086 3070 1217 3139 exerci-

159 3194 236 3248 tum
252 3179 289 3246 in
309 3175 462 3269 Africam
480 3175 650 3246 velociter
668 3176 829 3271 trajicere
843 3191 991 3250 conatus
1007 3179 1063 3270 sit,
1166 3235 1170 3248 ,

207 3290 347 3360 Cassius
359 3287 523 3384 gessisset
537 3310 620 3356 cum
632 3285 814 3358 Trebonio
830 3285 983 3374 bellum,
996 3288 1025 3358 si
1037 3279 1217 3384 Bogudem

158 3398 299 3470 trahere
315 3401 353 3468 in
368 3400 572 3469 societatem
588 3395 718 3468 furoris
731 3397 915 3495 potuisset.

210 3537 324 3585 Priscian.
336 3539 443 3585 Gratum.
457 3537 500 3584 lib.
508 3537 556 3594 VI,
570 3553 595 3600 p.
608 3536 659 3584 686
671 3546 695 3582 et
708 3537 767 3597 687.

523 3723 667 3789 LIBRI
700 3723 846 3788 CXIII.

206 3911 250 3976 Et
263 3907 339 4003 ipse
354 3908 447 3978 circa
461 3906 604 4004 Pulpud
619 3931 717 3978 oram
732 3904 911 3976 tuebatur.

209 4045 323 4094 Priscian.
340 4046 357 4094 l.
374 4046 391 4092 1.
409 4047 451 4109 qui
469 4046 540 4093 etism
559 4045 604 4094 lib.
615 4047 647 4106 V,
659 4063 686 4109 p.
704 4047 763 4102 643,
783 4043 865 4100 docet,
885 4041 975 4089 Livium
992 4040 1090 4104 Bogud,
1109 4041 1214 4105 Bogudis

155 4128 288 4176 declinasse
299 4127 323 4174 iu
336 4129 424 4176 CXIII
426 4147 436 4185 ;
451 4131 496 4176 uisi
512 4129 558 4192 leg.
572 4129 649 4177 CXII.

257 4217 360 4284 VIII.
1032 4215 1076 4295 24
