2982 4702
206 349 332 454 titt:
407 370 500 437 nm.
528 369 648 435 xnn.
677 369 783 436 car.
811 369 911 435 nin.
940 368 1035 436 niv.
1203 365 1249 462 93

180 492 376 591 pecunias,
403 513 472 587 pro
496 486 725 560 facultatibus
750 481 903 584 quaeque
925 490 1016 574 suis,
1036 503 1071 560 et
1093 487 1251 580 frumen·

181 615 259 672 tum
283 598 531 698 pollicendum
555 597 600 669 ad
614 597 775 669 hellum.
798 597 978 670 Omnibus
1001 601 1121 698 gratiae
1144 615 1250 687 actae,

179 712 371 783 remissum
396 707 584 792 omuibus,
610 709 693 780 satis
716 709 835 806 regios
858 724 1048 806 apparatus
1071 708 1179 782 adea
1195 710 1251 782 di·
1356 705 1357 717 ’

180 837 280 894 ctum
307 817 498 892 sufficere:
523 819 687 890 vehicula
715 833 856 890 tantum
879 819 1079 916 imperata,
1111 835 1152 890 ut
1177 836 1251 892 tor·

179 944 303 1000 menta
320 928 553 1025 telorumque
574 927 759 1000 missilium
780 929 964 1024 ingentem
983 930 1055 998 vim
1076 954 1251 1028 praepara·
1302 939 1310 948 ‘

181 1053 256 1110 tam
278 1036 522 1134 bellicumque
543 1037 641 1108 aliud
662 1038 944 1111 instrumentum
963 1037 1145 1110 veherent.
1172 1047 1252 1112 Pro-

181 1145 297 1218 fectus
319 1146 403 1218 inde
431 1161 509 1218 toto
535 1149 718 1235 exercitu,
742 1147 926 1218 Eordaeam
953 1163 1098 1246 petens,
1120 1150 1164 1220 ad
1190 1158 1251 1224 Be-

182 1258 371 1354 gorritem,
388 1281 497 1354 quem
514 1272 662 1344 vocant,
677 1258 793 1328 lacum
809 1259 934 1355 positis
948 1259 1090 1346 castris,
1105 1275 1250 1356 postero

182 1367 241 1438 die
267 1370 305 1437 in
330 1367 502 1438 Elimeam
528 1367 573 1438 ad
599 1368 830 1440 Haliacmona
845 1366 1033 1470 ,flavium2
1063 1374 1248 1465 processit.

182 1477 323 1550 Deinde
338 1477 430 1550 saltu
447 1493 603 1574 angusto
623 1480 799 1576 superatis
813 1476 1018 1564 montibus,
1041 1502 1134 1574 quos
1148 1485 1249 1552 Cam·

181 1587 314 1660 bunios
334 1603 484 1674 vocant,
505 1588 692 1660 descendit
712 1587 759 1660 ad
773 1587 967 1684 (Tripolim
990 1587 1142 1679 vocant)
1162 1596 1251 1662 Azo-

122 1763 126 1768 ,
182 1695 496 1796 rum,Pyrhn1m³
518 1713 553 1768 et
572 1697 750 1774 Dolichen
771 1699 979 1769 incolentes.
1004 1701 1087 1767 Haec
1105 1699 1171 1768 tria
1189 1721 1251 1797 op·

182 1808 268 1907 pide
288 1808 472 1906 paulisper
498 1822 688 1895 cunctata,
716 1809 802 1903 quia
820 1806 969 1880 obsides
991 1807 1165 1880 Larissaeis
1189 1809 1250 1882 de-

182 1919 331 2006 derant,
356 1920 448 1990 victa
474 1933 594 1990 tamen
621 1919 788 2015 praesenti
814 1932 935 2004 metu,
964 1919 1001 1988 in
1027 1917 1250 1996 deditionem

181 2043 448 2102 concesserunt.
482 2030 640 2126 Benigne
665 2028 723 2100 his
753 2027 958 2125 appellatis,
991 2025 1089 2098 haud
1117 2028 1250 2104 dubius

182 2138 393 2212 Perrhaebos
414 2163 563 2236 quoque
581 2138 678 2209 idem
696 2136 872 2224 facturos,
890 2136 1039 2224 urbem,
1059 2138 1149 2210 nihil
1166 2165 1252 2211 cun-

182 2251 303 2337 ctatis,
316 2250 382 2348 qui
394 2247 617 2335 incolebant,
634 2250 752 2346 primo
767 2247 925 2318 adventu
937 2248 1076 2344 recipit.
1091 2251 1251 2345 Cyretias

182 2383 393 2458 oppugnare
415 2362 596 2444 coactusl,
617 2342 740 2457 primo
763 2360 868 2428 etiam
894 2356 952 2428 dic
976 2359 1049 2428 acri
1071 2383 1251 2432 concursu

181 2469 229 2540 ad
245 2485 367 2566 portas
381 2485 599 2542 armatorum
619 2483 675 2540 eet
690 2468 856 2566 repulsus
868 2495 881 2536 ε.
892 2482 1041 2564 postero
1064 2467 1122 2540 die
1137 2474 1251 2542 bmni-

182 2578 254 2650 bus
267 2580 380 2678 copiis
394 2579 560 2666 adortus,
581 2581 619 2650 in
629 2577 855 2650 deditionem
870 2602 996 2648 omnes
1008 2594 1091 2650 aute
1104 2597 1249 2654 noctem

181 2690 330 2786 accepit.
869 2691 872 2701 '

216 2797 458 2895 'L1v.My1ae,
479 2801 682 2897 proximum
702 2798 898 2898 oppidum,
919 2800 969 2870 ita
985 2803 1188 2888 munitum,
1210 2817 1251 2874 ut

222 2991 287 3036 adn
298 2988 419 3035 Elimeam
433 2990 470 3037 ad
485 2991 650 3038 Haliacmona
657 2991 692 3058 fl
776 3000 800 3048 4.
831 2989 938 3050 Cyretias
966 3006 1109 3054 oppugnare
1132 3005 1250 3051 coactus,-

179 3067 302 3134 processit
307 3084 317 3123 ,¹
329 3067 383 3114 vide
395 3069 424 3115 ad
437 3069 526 3117 xxxt
533 3103 541 3127 ,
551 3077 597 3127 to,
609 3085 635 3118 n.
652 3085 673 3117 r.
740 3071 816 3117 Gron.
827 3067 906 3116 edidit·
920 3080 1021 3115 conatus
1036 3085 1067 3118 ex
1081 3072 1251 3122 emendatione

221 3149 246 3198 3.
258 3146 301 3193 Ad
311 3145 440 3210 (Tripolim
449 3151 554 3208 verme)
565 3151 692 3206 Azorum,
739 3148 821 3213 Sigon.
848 3158 920 3211 quam
944 3164 1015 3212 paene
1038 3165 1122 3196 omnes
1140 3166 1252 3216 recepere

184 3223 363 3289 Pythium(ita
381 3243 412 3274 ex
425 3227 488 3276 Plut.
503 3228 571 3276 Paul.
587 3246 612 3292 p.
631 3231 691 3284 262,
739 3228 857 3284 editores;
877 3226 921 3274 sed
943 3228 1099 3291 perspicuum
1128 3235 1163 3277 e'st
1189 3232 1251 3278 nihil

185 3319 210 3354 et
221 3304 306 3368 Steph.
320 3303 399 3354 edidit
409 3307 495 3371 Sigon.
509 3324 555 3370 pro
565 3306 694 3370 Pithoum)
738 3306 819 3354 minus
833 3306 964 3354 convenire
978 3305 1002 3354 h.
1013 3308 1046 3365 1,,
1064 3323 1136 3369 quam
1151 3310 1251 3358 verbum

185 3397 211 3433 et
224 3381 341 3432 Dolichen
348 3403 359 3441 ;
371 3386 436 3434 conl.
453 3387 542 3444 XLIV,
553 3401 575 3434 a.
589 3387 648 3434 Haec
659 3397 695 3434 est
738 3397 859 3434 corrasus:
877 3384 1014 3443 enimvero,
1032 3385 1100 3449 quod
1115 3398 1140 3434 et
1153 3391 1250 3437 monuit

192 3467 294 3534 Tripolis
315 3465 473 3537 (T'psnotirre
505 3465 572 3529 apud
598 3464 696 3530 Strah.)
740 3466 827 3526 Creu,
846 3477 929 3510 seusus
946 3467 1094 3522 est‚Persea
1107 3481 1157 3513 non
1169 3471 1249 3532 primo

186 3551 315 3600 Thessalia
336 3551 363 3598 in
385 3545 565 3608 Palaep'otide,
586 3545 641 3602 sed,
669 3559 697 3595 ut
741 3543 846 3592 adventu
857 3541 976 3606 recepisse
989 3545 1113 3607 Cyretias,
1126 3557 1154 3592 ut
1167 3547 1250 3596 urbem

185 3631 277 3686 xntv,
287 3645 301 3677 a
312 3630 410 3683 dieitur,
420 3625 446 3672 in
460 3625 607 3673 Perrhaebia.
622 3624 695 3673 Corra
740 3623 767 3670 in
778 3613 926 3680 Perrhaehis',
937 3621 982 3669 sed
995 3633 1107 3668 coactum
1124 3623 1198 3672 fuisse
1211 3643 1251 3674 eas

185 3709 217 3756 ad
238 3724 291 3773 erp.
315 3709 363 3764 55,
383 3723 410 3754 n.
432 3721 457 3752 a.
470 3705 615 3760 -Urbem,
635 3703 700 3751 nihil
741 3716 890 3767 oppreguare.
905 3703 983 3748 ——ln
1001 3699 1148 3748 deditionem
1171 3719 1251 3754 oneres

185 3788 344 3836 cunctatis...
370 3783 473 3848 recipit:
487 3783 557 3841 cujus
573 3784 639 3832 urbis
654 3799 697 3831 no·
742 3779 837 3844 accepit
844 3797 854 3836 ,·
867 3773 923 3826 vide
935 3779 967 3826 ad
975 3781 1048 3839 vm,
1062 3794 1143 3840 ao,n.
1159 3797 1181 3840 7.
1194 3785 1251 3832 om.

184 3879 241 3914 men
254 3866 387 3922 excidisse,
401 3866 451 3924 jam
466 3877 581 3908 monuere
598 3861 694 3910 Crever.
739 3877 794 3917 nes,
813 3875 848 3908 ec.
865 3857 959 3906 incolas
980 3857 1059 3914 urhis3
1075 3858 1131 3906 vide
1149 3861 1180 3908 ad
1199 3866 1251 3926 111,

186 3957 211 3993 et
221 3945 345 3994 Drakenh.
363 3971 399 3982 —
415 3944 474 3990 Haec
489 3938 547 3986 urbs
559 3939 621 3988 lorte
632 3942 694 4000 fuit,
740 3948 782 4001 47,
802 3955 826 3987 n,
843 3954 863 3986 r.
873 3939 967 3985 Vocem
980 3937 1043 3984 hane
1055 3935 1182 3988 delendam
1195 3960 1250 3990 cen·

185 4042 217 4072 ex
230 4025 340 4085 Doujstii
355 4021 487 4078 sententie,
502 4017 594 4066 Mallra
611 4021 694 4068 Pelas·
738 4019 806 4066 sehet
821 4019 919 4066 Crever.
931 4027 959 4064 ut
971 4032 1002 4062 ex
1014 4017 1124 4079 proxima
1141 4022 1250 4070 omnibus

182 4103 319 4168 pictarum.
334 4104 380 4150 Eu.
739 4095 874 4162 repetitam.
