<?xml version="1.0" encoding="UTF-8"?>
<!DOCTYPE html PUBLIC "-//W3C//DTD XHTML 1.0 Transitional//EN"
    "http://www.w3.org/TR/xhtml1/DTD/xhtml1-transitional.dtd">
<html xmlns="http://www.w3.org/1999/xhtml" xml:lang="en" lang="en">
 <head>
  <title>
</title>
<meta http-equiv="Content-Type" content="text/html;charset=utf-8" />
  <meta name='ocr-system' content='tesseract 3.04.00' />
  <meta name='ocr-capabilities' content='ocr_page ocr_carea ocr_par ocr_line ocrx_word'/>
</head>
<body>
  <div class='ocr_page' id='page_1' title='image "./titusliviuspata02freigoog_0143.png"; bbox 0 0 2982 4702; ppageno 0'>
   <div class='ocr_carea' id='block_1_1' title="bbox 240 363 1319 1372">
    <p class='ocr_par' dir='ltr' id='par_1_1' title="bbox 252 363 1293 485">
     <span class='ocr_line' id='line_1_1' title="bbox 252 363 1293 485; baseline -0.001 -21"><span class='ocrx_word' id='word_1_1' title='bbox 252 379 319 464; x_wconf 69' lang='lat' dir='ltr'>uu</span> <span class='ocrx_word' id='word_1_2' title='bbox 377 393 380 397; x_wconf 84' lang='lat'>·</span> <span class='ocrx_word' id='word_1_3' title='bbox 593 471 601 485; x_wconf 19' lang='grc' dir='ltr'>ἱ</span> <span class='ocrx_word' id='word_1_4' title='bbox 657 383 700 451; x_wconf 83' lang='lat' dir='ltr'>r.</span> <span class='ocrx_word' id='word_1_5' title='bbox 736 382 875 452; x_wconf 78' lang='lat' dir='ltr'>mvn</span> <span class='ocrx_word' id='word_1_6' title='bbox 1171 363 1293 466; x_wconf 74' lang='lat' dir='ltr'>tto:</span> 
     </span>
    </p>

    <p class='ocr_par' dir='ltr' id='par_1_2' title="bbox 240 500 1319 1372">
     <span class='ocr_line' id='line_1_2' title="bbox 249 500 1319 585; baseline 0.002 -15"><span class='ocrx_word' id='word_1_7' title='bbox 249 501 321 572; x_wconf 82' lang='lat' dir='ltr'>Ubi</span> <span class='ocrx_word' id='word_1_8' title='bbox 343 525 393 572; x_wconf 79' lang='lat' dir='ltr'>ex</span> <span class='ocrx_word' id='word_1_9' title='bbox 418 500 638 572; x_wconf 79' lang='lat' dir='ltr'>Macedonio</span> <span class='ocrx_word' id='word_1_10' title='bbox 658 500 809 577; x_wconf 78' lang='lat' dir='ltr'>redisset</span> <span class='ocrx_word' id='word_1_11' title='bbox 834 502 872 571; x_wconf 87' lang='lat' dir='ltr'>C.</span> <span class='ocrx_word' id='word_1_12' title='bbox 897 501 1056 584; x_wconf 70' lang='lat' dir='ltr'>Cassius,</span> <span class='ocrx_word' id='word_1_13' title='bbox 1084 515 1183 585; x_wconf 89' lang='lat' dir='ltr'>tum,</span> <span class='ocrx_word' id='word_1_14' title='bbox 1207 507 1242 574; x_wconf 83' lang='lat' dir='ltr'>si</span> <span class='ocrx_word' id='word_1_15' title='bbox 1257 527 1319 576; x_wconf 85' lang='lat' dir='ltr'>co·</span> 
     </span>
     <span class='ocr_line' id='line_1_3' title="bbox 245 607 1318 707; baseline 0 -25"><span class='ocrx_word' id='word_1_16' title='bbox 245 637 325 682; x_wconf 85' lang='lat' dir='ltr'>ram</span> <span class='ocrx_word' id='word_1_17' title='bbox 342 637 427 682; x_wconf 85' lang='lat' dir='ltr'>eum</span> <span class='ocrx_word' id='word_1_18' title='bbox 442 635 594 707; x_wconf 80' lang='lat' dir='ltr'>arguere</span> <span class='ocrx_word' id='word_1_19' title='bbox 602 609 753 698; x_wconf 80' lang='lat' dir='ltr'>vellent,</span> <span class='ocrx_word' id='word_1_20' title='bbox 765 607 1318 706; x_wconf 77' lang='lat' dir='ltr'>cognitorcsenotumdoturum</span> 
     </span>
     <span class='ocr_line' id='line_1_4' title="bbox 243 718 1316 820; baseline -0.002 -28"><span class='ocrx_word' id='word_1_21' title='bbox 243 747 410 820; x_wconf 79' lang='lat' dir='ltr'><em>operam,</em></span> <span class='ocrx_word' id='word_1_22' title='bbox 438 725 492 792; x_wconf 86' lang='lat' dir='ltr'>uti</span> <span class='ocrx_word' id='word_1_23' title='bbox 506 721 670 816; x_wconf 75' lang='lat' dir='ltr'>sotufiat.</span> <span class='ocrx_word' id='word_1_24' title='bbox 693 725 768 795; x_wconf 86' lang='lat' dir='ltr'>Neo</span> <span class='ocrx_word' id='word_1_25' title='bbox 783 718 998 818; x_wconf 79' lang='lat' dir='ltr'>responderi</span> <span class='ocrx_word' id='word_1_26' title='bbox 1013 731 1156 790; x_wconf 83' lang='lat' dir='ltr'>tautum</span> <span class='ocrx_word' id='word_1_27' title='bbox 1171 719 1214 808; x_wconf 87' lang='lat' dir='ltr'>iis</span> <span class='ocrx_word' id='word_1_28' title='bbox 1229 743 1316 815; x_wconf 84' lang='lat' dir='ltr'>gen-</span> 
     </span>
     <span class='ocr_line' id='line_1_5' title="bbox 242 828 1316 929; baseline -0.005 -24"><span class='ocrx_word' id='word_1_29' title='bbox 242 833 359 922; x_wconf 87' lang='lat' dir='ltr'>tibus,</span> <span class='ocrx_word' id='word_1_30' title='bbox 374 829 438 902; x_wconf 88' lang='lat' dir='ltr'>sed</span> <span class='ocrx_word' id='word_1_31' title='bbox 452 831 587 929; x_wconf 64' lang='lat' dir='ltr'>legatos</span> <span class='ocrx_word' id='word_1_32' title='bbox 600 831 713 919; x_wconf 90' lang='lat' dir='ltr'>mitti,</span> <span class='ocrx_word' id='word_1_33' title='bbox 726 829 818 902; x_wconf 90' lang='lat' dir='ltr'>duos</span> <span class='ocrx_word' id='word_1_34' title='bbox 834 828 879 901; x_wconf 89' lang='lat' dir='ltr'>ad</span> <span class='ocrx_word' id='word_1_35' title='bbox 893 829 1057 926; x_wconf 84' lang='lat' dir='ltr'>regulum</span> <span class='ocrx_word' id='word_1_36' title='bbox 1074 843 1173 920; x_wconf 84' lang='lat' dir='ltr'>trans</span> <span class='ocrx_word' id='word_1_37' title='bbox 1186 829 1316 929; x_wconf 78' lang='lat' dir='ltr'>Alpes,</span> 
     </span>
     <span class='ocr_line' id='line_1_6' title="bbox 242 937 1316 1040; baseline -0.006 -24"><span class='ocrx_word' id='word_1_38' title='bbox 242 959 315 1016; x_wconf 87' lang='lat' dir='ltr'>tres</span> <span class='ocrx_word' id='word_1_39' title='bbox 337 943 431 1014; x_wconf 86' lang='lat' dir='ltr'>circa</span> <span class='ocrx_word' id='word_1_40' title='bbox 452 965 514 1012; x_wconf 91' lang='lat' dir='ltr'>eos</span> <span class='ocrx_word' id='word_1_41' title='bbox 541 940 699 1040; x_wconf 89' lang='lat' dir='ltr'>populos</span> <span class='ocrx_word' id='word_1_42' title='bbox 723 941 878 1039; x_wconf 80' lang='lat' dir='ltr'>placuit,</span> <span class='ocrx_word' id='word_1_43' title='bbox 902 940 967 1036; x_wconf 89' lang='lat' dir='ltr'>qui</span> <span class='ocrx_word' id='word_1_44' title='bbox 987 937 1210 1028; x_wconf 81' lang='lat' dir='ltr'>indicarent,</span> <span class='ocrx_word' id='word_1_45' title='bbox 1234 963 1316 1036; x_wconf 85' lang='lat' dir='ltr'>quae</span> 
     </span>
     <span class='ocr_line' id='line_1_7' title="bbox 242 1047 1316 1147; baseline -0.003 -24"><span class='ocrx_word' id='word_1_46' title='bbox 242 1056 389 1124; x_wconf 78' lang='lat' dir='ltr'>Petrum</span> <span class='ocrx_word' id='word_1_47' title='bbox 409 1051 586 1122; x_wconf 86' lang='lat' dir='ltr'>sententia</span> <span class='ocrx_word' id='word_1_48' title='bbox 606 1065 710 1124; x_wconf 84' lang='lat' dir='ltr'>esset.</span> <span class='ocrx_word' id='word_1_49' title='bbox 729 1054 883 1134; x_wconf 78' lang='lat' dir='ltr'><strong>Munera</strong></span> <span class='ocrx_word' id='word_1_50' title='bbox 902 1051 997 1134; x_wconf 83' lang='lat' dir='ltr'>mitti</span> <span class='ocrx_word' id='word_1_51' title='bbox 1016 1049 1139 1147; x_wconf 82' lang='lat' dir='ltr'>legatis</span> <span class='ocrx_word' id='word_1_52' title='bbox 1158 1075 1204 1130; x_wconf 80' lang='lat' dir='ltr'>ex</span> <span class='ocrx_word' id='word_1_53' title='bbox 1219 1047 1316 1140; x_wconf 76' lang='lat' dir='ltr'>binis</span> 
     </span>
     <span class='ocr_line' id='line_1_8' title="bbox 241 1157 1315 1257; baseline -0.001 -24"><span class='ocrx_word' id='word_1_54' title='bbox 241 1161 400 1234; x_wconf 90' lang='lat' dir='ltr'>millibus</span> <span class='ocrx_word' id='word_1_55' title='bbox 420 1157 523 1234; x_wconf 76' lang='lat' dir='ltr'>mris³</span> <span class='ocrx_word' id='word_1_56' title='bbox 548 1173 789 1248; x_wconf 83' lang='lat' dir='ltr'>censuerunt;</span> <span class='ocrx_word' id='word_1_57' title='bbox 816 1159 962 1242; x_wconf 88' lang='lat' dir='ltr'>duobus</span> <span class='ocrx_word' id='word_1_58' title='bbox 986 1158 1159 1234; x_wconf 82' lang='lat' dir='ltr'>fratribus</span> <span class='ocrx_word' id='word_1_59' title='bbox 1179 1159 1315 1257; x_wconf 86' lang='lat' dir='ltr'>regulis</span> 
     </span>
     <span class='ocr_line' id='line_1_9' title="bbox 240 1270 1314 1372; baseline -0.001 -29"><span class='ocrx_word' id='word_1_60' title='bbox 240 1273 317 1346; x_wconf 80' lang='lat' dir='ltr'>hoec</span> <span class='ocrx_word' id='word_1_61' title='bbox 341 1273 545 1372; x_wconf 76' lang='lat' dir='ltr'>precipua,</span> <span class='ocrx_word' id='word_1_62' title='bbox 567 1286 717 1368; x_wconf 85' lang='lat' dir='ltr'><strong>torques</strong></span> <span class='ocrx_word' id='word_1_63' title='bbox 744 1271 818 1345; x_wconf 93' lang='lat' dir='ltr'>duo</span> <span class='ocrx_word' id='word_1_64' title='bbox 841 1297 886 1343; x_wconf 88' lang='lat' dir='ltr'>ex</span> <span class='ocrx_word' id='word_1_65' title='bbox 908 1273 1072 1372; x_wconf 86' lang='lat' dir='ltr'>quinque</span> <span class='ocrx_word' id='word_1_66' title='bbox 1090 1270 1215 1368; x_wconf 88' lang='lat' dir='ltr'>pondo</span> <span class='ocrx_word' id='word_1_67' title='bbox 1234 1272 1314 1345; x_wconf 82' lang='lat' dir='ltr'>auri</span> 
     </span>
    </p>
   </div>
   <div class='ocr_carea' id='block_1_2' title="bbox 122 1380 1315 1481">
    <p class='ocr_par' dir='ltr' id='par_1_3' title="bbox 122 1380 1315 1481">
     <span class='ocr_line' id='line_1_10' title="bbox 122 1380 1315 1481; baseline 0.001 -28"><span class='ocrx_word' id='word_1_68' title='bbox 122 1468 130 1479; x_wconf 22' lang='lat'>⁸</span> <span class='ocrx_word' id='word_1_69' title='bbox 240 1380 344 1470; x_wconf 87' lang='lat' dir='ltr'>facti,</span> <span class='ocrx_word' id='word_1_70' title='bbox 370 1397 406 1454; x_wconf 88' lang='lat' dir='ltr'>et</span> <span class='ocrx_word' id='word_1_71' title='bbox 427 1406 511 1455; x_wconf 86' lang='lat' dir='ltr'>vasa</span> <span class='ocrx_word' id='word_1_72' title='bbox 534 1396 702 1481; x_wconf 85' lang='lat' dir='ltr'>argentee</span> <span class='ocrx_word' id='word_1_73' title='bbox 718 1380 881 1480; x_wconf 84' lang='lat' dir='ltr'>quinque</span> <span class='ocrx_word' id='word_1_74' title='bbox 899 1406 942 1453; x_wconf 83' lang='lat' dir='ltr'>ex</span> <span class='ocrx_word' id='word_1_75' title='bbox 962 1381 1090 1478; x_wconf 80' lang='lat' dir='ltr'>viginti</span> <span class='ocrx_word' id='word_1_76' title='bbox 1109 1381 1256 1480; x_wconf 85' lang='lat' dir='ltr'>pondo,</span> <span class='ocrx_word' id='word_1_77' title='bbox 1278 1397 1315 1454; x_wconf 88' lang='lat' dir='ltr'>et</span> 
     </span>
    </p>
   </div>
   <div class='ocr_carea' id='block_1_3' title="bbox 155 1488 1314 3024">
    <p class='ocr_par' dir='ltr' id='par_1_4' title="bbox 155 1488 1314 1919">
     <span class='ocr_line' id='line_1_11' title="bbox 239 1488 1313 1589; baseline 0.005 -26"><span class='ocrx_word' id='word_1_78' title='bbox 239 1490 313 1564; x_wconf 93' lang='lat' dir='ltr'>duo</span> <span class='ocrx_word' id='word_1_79' title='bbox 327 1492 414 1589; x_wconf 90' lang='lat' dir='ltr'>equi</span> <span class='ocrx_word' id='word_1_80' title='bbox 427 1490 603 1588; x_wconf 80' lang='lat' dir='ltr'>phalerati</span> <span class='ocrx_word' id='word_1_81' title='bbox 616 1515 699 1562; x_wconf 90' lang='lat' dir='ltr'>oum</span> <span class='ocrx_word' id='word_1_82' title='bbox 714 1488 951 1588; x_wconf 68' lang='lat' dir='ltr'>agasonibus,</span> <span class='ocrx_word' id='word_1_83' title='bbox 969 1503 1006 1564; x_wconf 89' lang='lat' dir='ltr'>et</span> <span class='ocrx_word' id='word_1_84' title='bbox 1020 1494 1202 1588; x_wconf 82' lang='lat' dir='ltr'>equestria</span> <span class='ocrx_word' id='word_1_85' title='bbox 1214 1516 1313 1568; x_wconf 78' lang='lat' dir='ltr'>arma</span> 
     </span>
     <span class='ocr_line' id='line_1_12' title="bbox 238 1598 1314 1698; baseline 0.004 -26"><span class='ocrx_word' id='word_1_86' title='bbox 238 1626 278 1673; x_wconf 89' lang='lat' dir='ltr'>ac</span> <span class='ocrx_word' id='word_1_87' title='bbox 297 1599 437 1698; x_wconf 79' lang='lat' dir='ltr'>sagula3</span> <span class='ocrx_word' id='word_1_88' title='bbox 456 1615 492 1672; x_wconf 89' lang='lat' dir='ltr'>ot</span> <span class='ocrx_word' id='word_1_89' title='bbox 511 1598 705 1672; x_wconf 81' lang='lat' dir='ltr'>comitibus</span> <span class='ocrx_word' id='word_1_90' title='bbox 723 1625 851 1684; x_wconf 84' lang='lat' dir='ltr'>eorum</span> <span class='ocrx_word' id='word_1_91' title='bbox 870 1602 1084 1674; x_wconf 87' lang='lat' dir='ltr'>vestimenta</span> <span class='ocrx_word' id='word_1_92' title='bbox 1102 1599 1224 1674; x_wconf 88' lang='lat' dir='ltr'>liberis</span> <span class='ocrx_word' id='word_1_93' title='bbox 1242 1626 1314 1676; x_wconf 86' lang='lat' dir='ltr'>ser·</span> 
     </span>
     <span class='ocr_line' id='line_1_13' title="bbox 238 1699 1313 1812; baseline 0.002 -32"><span class='ocrx_word' id='word_1_94' title='bbox 238 1699 376 1812; x_wconf 89' lang='lat' dir='ltr'>visque.</span> <span class='ocrx_word' id='word_1_95' title='bbox 397 1717 480 1783; x_wconf 83' lang='lat' dir='ltr'>Hrec</span> <span class='ocrx_word' id='word_1_96' title='bbox 498 1713 630 1784; x_wconf 83' lang='lat' dir='ltr'>missa:</span> <span class='ocrx_word' id='word_1_97' title='bbox 651 1710 711 1783; x_wconf 84' lang='lat' dir='ltr'>illa</span> <span class='ocrx_word' id='word_1_98' title='bbox 728 1709 938 1809; x_wconf 84' lang='lat' dir='ltr'>petentibus</span> <span class='ocrx_word' id='word_1_99' title='bbox 954 1711 1057 1799; x_wconf 87' lang='lat' dir='ltr'>data,</span> <span class='ocrx_word' id='word_1_100' title='bbox 1075 1725 1117 1782; x_wconf 89' lang='lat' dir='ltr'>ut</span> <span class='ocrx_word' id='word_1_101' title='bbox 1132 1709 1313 1786; x_wconf 87' lang='lat' dir='ltr'>denorum</span> 
     </span>
     <span class='ocr_line' id='line_1_14' title="bbox 155 1821 1313 1919; baseline 0.002 -25"><span class='ocrx_word' id='word_1_102' title='bbox 155 1823 165 1832; x_wconf 71' lang='grc'><em>’</em></span> <span class='ocrx_word' id='word_1_103' title='bbox 240 1845 422 1919; x_wconf 86' lang='lat' dir='ltr'>equorum</span> <span class='ocrx_word' id='word_1_104' title='bbox 437 1822 480 1895; x_wconf 88' lang='lat' dir='ltr'>iis</span> <span class='ocrx_word' id='word_1_105' title='bbox 495 1823 777 1898; x_wconf 72' lang='lat' dir='ltr'>commercium‘*</span> <span class='ocrx_word' id='word_1_106' title='bbox 791 1836 904 1910; x_wconf 86' lang='lat' dir='ltr'>esset,</span> <span class='ocrx_word' id='word_1_107' title='bbox 919 1821 1171 1919; x_wconf 88' lang='lat' dir='ltr'>educendique</span> <span class='ocrx_word' id='word_1_108' title='bbox 1187 1847 1232 1893; x_wconf 85' lang='lat' dir='ltr'>ex</span> <span class='ocrx_word' id='word_1_109' title='bbox 1247 1829 1313 1896; x_wconf 81' lang='lat' dir='ltr'>lte·</span> 
     </span>
    </p>

    <p class='ocr_par' dir='ltr' id='par_1_5' title="bbox 189 1929 1310 2252">
     <span class='ocr_line' id='line_1_15' title="bbox 201 1929 1310 2029; baseline 0.002 -27"><span class='ocrx_word' id='word_1_110' title='bbox 201 1977 206 1984; x_wconf 89' lang='lat'><em>·</em></span> <span class='ocrx_word' id='word_1_111' title='bbox 240 1932 286 2003; x_wconf 86' lang='lat' dir='ltr'>lia</span> <span class='ocrx_word' id='word_1_112' title='bbox 310 1945 468 2029; x_wconf 82' lang='lat' dir='ltr'>potestas</span> <span class='ocrx_word' id='word_1_113' title='bbox 491 1929 606 2004; x_wconf 86' lang='lat' dir='ltr'>fieret.</span> <span class='ocrx_word' id='word_1_114' title='bbox 633 1932 756 2028; x_wconf 84' lang='lat' dir='ltr'>Legati</span> <span class='ocrx_word' id='word_1_115' title='bbox 779 1956 862 2003; x_wconf 83' lang='lat' dir='ltr'>cum</span> <span class='ocrx_word' id='word_1_116' title='bbox 885 1931 996 2004; x_wconf 85' lang='lat' dir='ltr'>Gallis</span> <span class='ocrx_word' id='word_1_117' title='bbox 1017 1933 1116 2004; x_wconf 89' lang='lat' dir='ltr'>missi</span> <span class='ocrx_word' id='word_1_118' title='bbox 1135 1947 1234 2005; x_wconf 86' lang='lat' dir='ltr'>trans</span> <span class='ocrx_word' id='word_1_119' title='bbox 1252 1933 1310 2007; x_wconf 79' lang='lat' dir='ltr'>Al-</span> 
     </span>
     <span class='ocr_line' id='line_1_16' title="bbox 237 2041 1309 2142; baseline 0.002 -28"><span class='ocrx_word' id='word_1_120' title='bbox 237 2067 302 2140; x_wconf 86' lang='lat' dir='ltr'>pes</span> <span class='ocrx_word' id='word_1_121' title='bbox 325 2045 362 2113; x_wconf 88' lang='lat' dir='ltr'>C.</span> <span class='ocrx_word' id='word_1_122' title='bbox 381 2041 532 2130; x_wconf 84' lang='lat' dir='ltr'>Laelius,</span> <span class='ocrx_word' id='word_1_123' title='bbox 558 2045 606 2112; x_wconf 91' lang='grc' dir='ltr'>Μ.</span> <span class='ocrx_word' id='word_1_124' title='bbox 627 2041 788 2115; x_wconf 88' lang='lat' dir='ltr'>AEmilius</span> <span class='ocrx_word' id='word_1_125' title='bbox 803 2043 985 2142; x_wconf 80' lang='lat' dir='ltr'>Lepidus3</span> <span class='ocrx_word' id='word_1_126' title='bbox 1007 2043 1053 2114; x_wconf 83' lang='lat' dir='ltr'>ad</span> <span class='ocrx_word' id='word_1_127' title='bbox 1070 2056 1220 2116; x_wconf 80' lang='lat' dir='ltr'>coeteros</span> <span class='ocrx_word' id='word_1_128' title='bbox 1243 2069 1309 2142; x_wconf 92' lang='lat' dir='ltr'>po-</span> 
     </span>
     <span class='ocr_line' id='line_1_17' title="bbox 189 2150 1308 2252; baseline 0.002 -28"><span class='ocrx_word' id='word_1_129' title='bbox 189 2161 191 2168; x_wconf 81' lang='grc'>’</span> <span class='ocrx_word' id='word_1_130' title='bbox 236 2152 344 2252; x_wconf 88' lang='lat' dir='ltr'>pulos</span> <span class='ocrx_word' id='word_1_131' title='bbox 363 2156 403 2224; x_wconf 88' lang='lat' dir='ltr'>C.</span> <span class='ocrx_word' id='word_1_132' title='bbox 422 2153 574 2232; x_wconf 82' lang='lat' dir='ltr'>Sicinius</span> <span class='ocrx_word' id='word_1_133' title='bbox 586 2150 612 2239; x_wconf 82' lang='lat'>⁵,</span> <span class='ocrx_word' id='word_1_134' title='bbox 627 2157 664 2227; x_wconf 92' lang='lat' dir='ltr'>P.</span> <span class='ocrx_word' id='word_1_135' title='bbox 683 2153 875 2234; x_wconf 83' lang='lat' dir='ltr'>Cornelius</span> <span class='ocrx_word' id='word_1_136' title='bbox 891 2154 1028 2242; x_wconf 86' lang='lat' dir='ltr'>Blasio,</span> <span class='ocrx_word' id='word_1_137' title='bbox 1046 2159 1087 2232; x_wconf 84' lang='lat' dir='ltr'>T.</span> <span class='ocrx_word' id='word_1_138' title='bbox 1104 2156 1308 2228; x_wconf 84' lang='lat' dir='ltr'>Memmius.</span> 
     </span>
    </p>

    <p class='ocr_par' dir='ltr' id='par_1_6' title="bbox 233 2260 1309 3024">
     <span class='ocr_line' id='line_1_18' title="bbox 284 2260 1309 2380; baseline 0.002 -46"><span class='ocrx_word' id='word_1_139' title='bbox 284 2265 343 2334; x_wconf 87' lang='lat' dir='ltr'>VI.</span> <span class='ocrx_word' id='word_1_140' title='bbox 363 2260 561 2338; x_wconf 81' lang='lat' dir='ltr'>Multarum</span> <span class='ocrx_word' id='word_1_141' title='bbox 578 2263 683 2334; x_wconf 89' lang='lat' dir='ltr'>simul</span> <span class='ocrx_word' id='word_1_142' title='bbox 704 2264 850 2348; x_wconf 82' lang='lat' dir='ltr'>Graeoiee</span> <span class='ocrx_word' id='word_1_143' title='bbox 862 2267 1026 2380; x_wconf 79' lang='lat' dir='ltr'>Asiaeque</span> <span class='ocrx_word' id='word_1_144' title='bbox 1045 2266 1241 2338; x_wconf 85' lang='lat' dir='ltr'>civitatium</span> <span class='ocrx_word' id='word_1_145' title='bbox 1260 2265 1309 2336; x_wconf 90' lang='lat' dir='ltr'>le-</span> 
     </span>
     <span class='ocr_line' id='line_1_19' title="bbox 233 2373 1308 2470; baseline 0.005 -27"><span class='ocrx_word' id='word_1_146' title='bbox 233 2373 308 2470; x_wconf 82' lang='lat' dir='ltr'>gati</span> <span class='ocrx_word' id='word_1_147' title='bbox 331 2377 481 2452; x_wconf 85' lang='lat' dir='ltr'>Romam</span> <span class='ocrx_word' id='word_1_148' title='bbox 508 2388 768 2446; x_wconf 86' lang='lat' dir='ltr'>convenerunt.</span> <span class='ocrx_word' id='word_1_149' title='bbox 800 2375 911 2444; x_wconf 88' lang='lat' dir='ltr'>Primi</span> <span class='ocrx_word' id='word_1_150' title='bbox 933 2373 1169 2450; x_wconf 81' lang='lat' dir='ltr'>Athenienses</span> <span class='ocrx_word' id='word_1_151' title='bbox 1194 2375 1308 2448; x_wconf 84' lang='lat' dir='ltr'>intro·</span> 
     </span>
     <span class='ocr_line' id='line_1_20' title="bbox 236 2482 1307 2583; baseline 0.007 -30"><span class='ocrx_word' id='word_1_152' title='bbox 236 2482 363 2555; x_wconf 89' lang='lat' dir='ltr'>ducti:</span> <span class='ocrx_word' id='word_1_153' title='bbox 386 2483 431 2568; x_wconf 92' lang='lat' dir='ltr'>ii,</span> <span class='ocrx_word' id='word_1_154' title='bbox 459 2507 515 2568; x_wconf 83' lang='lat' dir='ltr'>se,</span> <span class='ocrx_word' id='word_1_155' title='bbox 537 2483 641 2580; x_wconf 81' lang='lat' dir='ltr'>quod</span> <span class='ocrx_word' id='word_1_156' title='bbox 665 2489 812 2558; x_wconf 80' lang='lat' dir='ltr'>navium</span> <span class='ocrx_word' id='word_1_157' title='bbox 838 2485 1037 2572; x_wconf 80' lang='lat' dir='ltr'>habuerint</span> <span class='ocrx_word' id='word_1_158' title='bbox 1059 2485 1307 2583; x_wconf 82' lang='lat' dir='ltr'>militumque,</span> 
     </span>
     <span class='ocr_line' id='line_1_21' title="bbox 235 2594 1309 2694; baseline 0.003 -30"><span class='ocrx_word' id='word_1_159' title='bbox 235 2600 278 2664; x_wconf 90' lang='lat' dir='ltr'>P.</span> <span class='ocrx_word' id='word_1_160' title='bbox 299 2599 433 2668; x_wconf 80' lang='lat' dir='ltr'>Licinio</span> <span class='ocrx_word' id='word_1_161' title='bbox 450 2594 591 2668; x_wconf 83' lang='lat' dir='ltr'>consuli</span> <span class='ocrx_word' id='word_1_162' title='bbox 605 2611 642 2665; x_wconf 86' lang='lat' dir='ltr'>et</span> <span class='ocrx_word' id='word_1_163' title='bbox 654 2601 689 2668; x_wconf 86' lang='lat' dir='ltr'>C.</span> <span class='ocrx_word' id='word_1_164' title='bbox 705 2599 871 2672; x_wconf 83' lang='lat' dir='ltr'>Lucretio</span> <span class='ocrx_word' id='word_1_165' title='bbox 884 2601 1038 2693; x_wconf 71' lang='lat' dir='ltr'>praetori</span> <span class='ocrx_word' id='word_1_166' title='bbox 1050 2601 1309 2694; x_wconf 69' lang='lat' dir='ltr'>metisse-expo-</span> 
     </span>
     <span class='ocr_line' id='line_1_22' title="bbox 236 2704 1308 2801; baseline 0 -25"><span class='ocrx_word' id='word_1_167' title='bbox 236 2719 407 2790; x_wconf 86' lang='lat' dir='ltr'>suerunt,</span> <span class='ocrx_word' id='word_1_168' title='bbox 430 2704 563 2801; x_wconf 84' lang='lat' dir='ltr'>quibus</span> <span class='ocrx_word' id='word_1_169' title='bbox 589 2729 650 2776; x_wconf 84' lang='lat' dir='ltr'>eos</span> <span class='ocrx_word' id='word_1_170' title='bbox 677 2731 754 2779; x_wconf 80' lang='lat' dir='ltr'>noro</span> <span class='ocrx_word' id='word_1_171' title='bbox 775 2731 859 2776; x_wconf 84' lang='lat' dir='ltr'>usos</span> <span class='ocrx_word' id='word_1_172' title='bbox 872 2707 1059 2796; x_wconf 74' lang='lat' dir='ltr'>frumenti</span> <span class='ocrx_word' id='word_1_173' title='bbox 1070 2705 1147 2775; x_wconf 78' lang='lat' dir='ltr'>-stbt</span> <span class='ocrx_word' id='word_1_174' title='bbox 1164 2721 1308 2776; x_wconf 85' lang='lat' dir='ltr'>centum</span> 
     </span>
     <span class='ocr_line' id='line_1_23' title="bbox 234 2813 1307 2914; baseline -0.001 -28"><span class='ocrx_word' id='word_1_175' title='bbox 234 2813 376 2886; x_wconf 73' lang='lat' dir='ltr'>milleir¹</span> <span class='ocrx_word' id='word_1_176' title='bbox 392 2820 610 2913; x_wconf 78' lang='lat' dir='ltr'>imperasse:</span> <span class='ocrx_word' id='word_1_177' title='bbox 629 2815 750 2912; x_wconf 86' lang='lat' dir='ltr'>quod,</span> <span class='ocrx_word' id='word_1_178' title='bbox 767 2840 982 2914; x_wconf 75' lang='lat' dir='ltr'>quanquam</span> <span class='ocrx_word' id='word_1_179' title='bbox 997 2815 1155 2906; x_wconf 76' lang='lat' dir='ltr'>sterilem</span> <span class='ocrx_word' id='word_1_180' title='bbox 1173 2831 1307 2902; x_wconf 78' lang='lat' dir='ltr'>terrem</span> 
     </span>
     <span class='ocr_line' id='line_1_24' title="bbox 235 2913 1306 3024; baseline 0.001 -28"><span class='ocrx_word' id='word_1_181' title='bbox 235 2941 360 3013; x_wconf 81' lang='lat' dir='ltr'>orent,</span> <span class='ocrx_word' id='word_1_182' title='bbox 392 2930 560 3023; x_wconf 68' lang='lat' dir='ltr'>iocosque</span> <span class='ocrx_word' id='word_1_183' title='bbox 587 2932 697 3009; x_wconf 82' lang='lat' dir='ltr'>otiam</span> <span class='ocrx_word' id='word_1_184' title='bbox 727 2942 883 3022; x_wconf 78' lang='lat' dir='ltr'>agrestes</span> <span class='ocrx_word' id='word_1_185' title='bbox 902 2931 1099 3024; x_wconf 79' lang='lat' dir='ltr'>peregrino</span> <span class='ocrx_word' id='word_1_186' title='bbox 1113 2913 1306 3018; x_wconf 78' lang='lat' dir='ltr'>frumento</span> 
     </span>
    </p>
   </div>
   <div class='ocr_carea' id='block_1_4' title="bbox 229 3122 1306 4224">
    <p class='ocr_par' dir='ltr' id='par_1_7' title="bbox 229 3122 1306 4224">
     <span class='ocr_line' id='line_1_25' title="bbox 271 3122 1305 3188; baseline 0 -14"><span class='ocrx_word' id='word_1_187' title='bbox 271 3125 295 3174; x_wconf 79' lang='lat'>3.</span> <span class='ocrx_word' id='word_1_188' title='bbox 305 3125 411 3172; x_wconf 73' lang='lat' dir='ltr'>Murum</span> <span class='ocrx_word' id='word_1_189' title='bbox 424 3122 488 3172; x_wconf 84' lang='lat' dir='ltr'>mitti</span> <span class='ocrx_word' id='word_1_190' title='bbox 502 3124 588 3188; x_wconf 76' lang='lat' dir='ltr'>legatis</span> <span class='ocrx_word' id='word_1_191' title='bbox 598 3140 630 3174; x_wconf 78' lang='lat' dir='ltr'>coc</span> <span class='ocrx_word' id='word_1_192' title='bbox 639 3125 701 3173; x_wconf 82' lang='lat' dir='ltr'>binis</span> <span class='ocrx_word' id='word_1_193' title='bbox 715 3142 747 3173; x_wconf 88' lang='lat' dir='ltr'>m.</span> <span class='ocrx_word' id='word_1_194' title='bbox 827 3125 852 3173; x_wconf 82' lang='lat'>5.</span> <span class='ocrx_word' id='word_1_195' title='bbox 864 3125 891 3174; x_wconf 81' lang='lat' dir='ltr'>C.</span> <span class='ocrx_word' id='word_1_196' title='bbox 908 3123 1027 3182; x_wconf 81' lang='lat' dir='ltr'>Sicinius,</span> <span class='ocrx_word' id='word_1_197' title='bbox 1045 3135 1092 3172; x_wconf 87' lang='lat' dir='ltr'>etc.</span> <span class='ocrx_word' id='word_1_198' title='bbox 1107 3125 1174 3172; x_wconf 84' lang='lat' dir='ltr'>conf.</span> <span class='ocrx_word' id='word_1_199' title='bbox 1189 3125 1264 3175; x_wconf 73' lang='lat' dir='ltr'>Drak.</span> <span class='ocrx_word' id='word_1_200' title='bbox 1280 3136 1305 3175; x_wconf 86' lang='lat' dir='ltr'>et</span> 
     </span>
     <span class='ocr_line' id='line_1_26' title="bbox 233 3202 1166 3269; baseline 0.004 -20"><span class='ocrx_word' id='word_1_201' title='bbox 233 3217 264 3251; x_wconf 80' lang='lat' dir='ltr'>ee.</span> <span class='ocrx_word' id='word_1_202' title='bbox 279 3202 386 3250; x_wconf 71' lang='lat' dir='ltr'>vidend</span> <span class='ocrx_word' id='word_1_203' title='bbox 405 3204 491 3263; x_wconf 78' lang='lat' dir='ltr'>xm,</span> <span class='ocrx_word' id='word_1_204' title='bbox 511 3204 543 3262; x_wconf 84' lang='lat'>6,</span> <span class='ocrx_word' id='word_1_205' title='bbox 559 3219 585 3253; x_wconf 90' lang='lat' dir='ltr'>n.</span> <span class='ocrx_word' id='word_1_206' title='bbox 603 3204 749 3252; x_wconf 85' lang='lat' dir='ltr'>6.-Bina</span> <span class='ocrx_word' id='word_1_207' title='bbox 791 3203 1166 3269; x_wconf 71' lang='lat' dir='ltr'>Pigh.snn.ada.568,571.</span> 
     </span>
     <span class='ocr_line' id='line_1_27' title="bbox 233 3279 1305 3343; baseline 0.004 -13"><span class='ocrx_word' id='word_1_208' title='bbox 233 3279 313 3332; x_wconf 80' lang='lat' dir='ltr'>millia</span> <span class='ocrx_word' id='word_1_209' title='bbox 321 3280 377 3341; x_wconf 77' lang='lat' dir='ltr'>ceris</span> <span class='ocrx_word' id='word_1_210' title='bbox 385 3279 462 3340; x_wconf 82' lang='lat' dir='ltr'>flunt,</span> <span class='ocrx_word' id='word_1_211' title='bbox 473 3297 505 3335; x_wconf 81' lang='lat' dir='ltr'>ex</span> <span class='ocrx_word' id='word_1_212' title='bbox 513 3283 585 3334; x_wconf 67' lang='lat' dir='ltr'>Grec.</span> <span class='ocrx_word' id='word_1_213' title='bbox 597 3282 748 3343; x_wconf 74' lang='lat' dir='ltr'>rationibus,</span> <span class='ocrx_word' id='word_1_214' title='bbox 826 3285 888 3333; x_wconf 72' lang='lat' dir='ltr'>Cn.</span> <span class='ocrx_word' id='word_1_215' title='bbox 900 3285 944 3332; x_wconf 84' lang='lat' dir='ltr'>VI.</span> <span class='ocrx_word' id='word_1_216' title='bbox 958 3297 981 3331; x_wconf 88' lang='lat'>1.</span> <span class='ocrx_word' id='word_1_217' title='bbox 995 3283 1120 3330; x_wconf 77' lang='lat' dir='ltr'>Frumenti</span> <span class='ocrx_word' id='word_1_218' title='bbox 1136 3293 1233 3333; x_wconf 85' lang='lat' dir='ltr'>centum</span> <span class='ocrx_word' id='word_1_219' title='bbox 1249 3283 1305 3334; x_wconf 88' lang='lat' dir='ltr'>mil·</span> 
     </span>
     <span class='ocr_line' id='line_1_28' title="bbox 233 3359 1304 3427; baseline 0.004 -21"><span class='ocrx_word' id='word_1_220' title='bbox 233 3375 321 3411; x_wconf 78' lang='lat' dir='ltr'>merere</span> <span class='ocrx_word' id='word_1_221' title='bbox 329 3361 424 3422; x_wconf 76' lang='lat' dir='ltr'>argenti</span> <span class='ocrx_word' id='word_1_222' title='bbox 435 3370 556 3410; x_wconf 78' lang='lat' dir='ltr'>nostrates</span> <span class='ocrx_word' id='word_1_223' title='bbox 567 3362 597 3420; x_wconf 85' lang='grc'>3,</span> <span class='ocrx_word' id='word_1_224' title='bbox 607 3377 663 3410; x_wconf 79' lang='lat' dir='ltr'>oum</span> <span class='ocrx_word' id='word_1_225' title='bbox 674 3362 749 3410; x_wconf 74' lang='lat' dir='ltr'>uncie</span> <span class='ocrx_word' id='word_1_226' title='bbox 792 3362 843 3420; x_wconf 84' lang='lat' dir='ltr'>lia,</span> <span class='ocrx_word' id='word_1_227' title='bbox 857 3361 933 3416; x_wconf 84' lang='lat' dir='ltr'>scilic.</span> <span class='ocrx_word' id='word_1_228' title='bbox 943 3361 1084 3424; x_wconf 72' lang='lat' dir='ltr'>modiorum</span> <span class='ocrx_word' id='word_1_229' title='bbox 1093 3360 1172 3427; x_wconf 84' lang='lat' dir='ltr'>(quod</span> <span class='ocrx_word' id='word_1_230' title='bbox 1183 3359 1260 3413; x_wconf 84' lang='lat' dir='ltr'>efficit</span> <span class='ocrx_word' id='word_1_231' title='bbox 1271 3379 1304 3416; x_wconf 75' lang='lat' dir='ltr'>ex</span> 
     </span>
     <span class='ocr_line' id='line_1_29' title="bbox 229 3437 1304 3508; baseline 0.003 -21"><span class='ocrx_word' id='word_1_232' title='bbox 229 3453 260 3487; x_wconf 64' lang='lat' dir='ltr'>rr</span> <span class='ocrx_word' id='word_1_233' title='bbox 270 3439 336 3488; x_wconf 74' lang='lat' dir='ltr'>Mox</span> <span class='ocrx_word' id='word_1_234' title='bbox 345 3437 547 3504; x_wconf 58' lang='lat' dir='ltr'>quinquepertito</span> <span class='ocrx_word' id='word_1_235' title='bbox 561 3440 619 3492; x_wconf 84' lang='lat' dir='ltr'>auri</span> <span class='ocrx_word' id='word_1_236' title='bbox 629 3441 695 3508; x_wconf 72' lang='lat' dir='ltr'>idern</span> <span class='ocrx_word' id='word_1_237' title='bbox 708 3457 745 3489; x_wconf 84' lang='lat' dir='ltr'>re-</span> <span class='ocrx_word' id='word_1_238' title='bbox 789 3440 919 3500; x_wconf 81' lang='lat' dir='ltr'>Creverio,</span> <span class='ocrx_word' id='word_1_239' title='bbox 951 3440 1049 3494; x_wconf 73' lang='lat' dir='ltr'>modios</span> <span class='ocrx_word' id='word_1_240' title='bbox 1078 3441 1224 3506; x_wconf 56' lang='lat' dir='ltr'>iarisienses</span> <span class='ocrx_word' id='word_1_241' title='bbox 1254 3442 1304 3506; x_wconf 80' lang='lat' dir='ltr'>leqe</span> 
     </span>
     <span class='ocr_line' id='line_1_30' title="bbox 231 3516 1304 3584; baseline 0.005 -18"><span class='ocrx_word' id='word_1_242' title='bbox 231 3517 373 3582; x_wconf 78' lang='lat' dir='ltr'>presentari</span> <span class='ocrx_word' id='word_1_243' title='bbox 383 3516 418 3567; x_wconf 79' lang='lat' dir='ltr'>ais</span> <span class='ocrx_word' id='word_1_244' title='bbox 428 3528 524 3581; x_wconf 74' lang='lat' dir='ltr'>septem</span> <span class='ocrx_word' id='word_1_245' title='bbox 533 3521 621 3573; x_wconf 73' lang='lat' dir='ltr'>metuis</span> <span class='ocrx_word' id='word_1_246' title='bbox 631 3521 746 3576; x_wconf 75' lang='lat' dir='ltr'>nometi·</span> <span class='ocrx_word' id='word_1_247' title='bbox 790 3522 893 3582; x_wconf 68' lang='lat'>77,084.</span> <span class='ocrx_word' id='word_1_248' title='bbox 909 3518 1118 3584; x_wconf 69' lang='lat' dir='ltr'>Ru.),utpessim</span> <span class='ocrx_word' id='word_1_249' title='bbox 1134 3521 1161 3568; x_wconf 91' lang='lat' dir='ltr'>in</span> <span class='ocrx_word' id='word_1_250' title='bbox 1178 3516 1304 3571; x_wconf 86' lang='lat' dir='ltr'>mentione</span> 
     </span>
     <span class='ocr_line' id='line_1_31' title="bbox 231 3594 1303 3670; baseline 0.006 -24"><span class='ocrx_word' id='word_1_251' title='bbox 231 3597 292 3655; x_wconf 84' lang='lat' dir='ltr'>bus,</span> <span class='ocrx_word' id='word_1_252' title='bbox 301 3595 381 3647; x_wconf 72' lang='lat' dir='ltr'>euciis</span> <span class='ocrx_word' id='word_1_253' title='bbox 391 3595 420 3654; x_wconf 90' lang='grc'>6,</span> <span class='ocrx_word' id='word_1_254' title='bbox 430 3597 552 3647; x_wconf 79' lang='lat' dir='ltr'>semumie</span> <span class='ocrx_word' id='word_1_255' title='bbox 563 3614 585 3646; x_wconf 87' lang='lat'>1.</span> <span class='ocrx_word' id='word_1_256' title='bbox 594 3600 745 3650; x_wconf 73' lang='lat' dir='ltr'>ltu-Vasa</span> <span class='ocrx_word' id='word_1_257' title='bbox 788 3599 907 3657; x_wconf 59' lang='lat' dir='ltr'>menti</span> <span class='ocrx_word' id='word_1_258' title='bbox 916 3611 942 3648; x_wconf 86' lang='lat' dir='ltr'>et</span> <span class='ocrx_word' id='word_1_259' title='bbox 958 3599 1023 3649; x_wconf 74' lang='lat' dir='ltr'>salis,</span> <span class='ocrx_word' id='word_1_260' title='bbox 1036 3599 1077 3648; x_wconf 79' lang='lat' dir='ltr'>ste</span> <span class='ocrx_word' id='word_1_261' title='bbox 1087 3611 1112 3648; x_wconf 87' lang='lat' dir='ltr'>et</span> <span class='ocrx_word' id='word_1_262' title='bbox 1125 3615 1161 3664; x_wconf 81' lang='lat' dir='ltr'>gr.</span> <span class='ocrx_word' id='word_1_263' title='bbox 1176 3594 1303 3670; x_wconf 68' lang='grc' dir='ltr'>μιδΐμνων</span> 
     </span>
     <span class='ocr_line' id='line_1_32' title="bbox 231 3673 1306 3746; baseline 0.004 -22"><span class='ocrx_word' id='word_1_264' title='bbox 231 3687 350 3744; x_wconf 79' lang='lat' dir='ltr'>argentea</span> <span class='ocrx_word' id='word_1_265' title='bbox 365 3673 473 3746; x_wconf 79' lang='lat' dir='ltr'>quinque</span> <span class='ocrx_word' id='word_1_266' title='bbox 491 3690 524 3722; x_wconf 81' lang='lat' dir='ltr'>ex</span> <span class='ocrx_word' id='word_1_267' title='bbox 541 3675 632 3741; x_wconf 53' lang='lat' dir='ltr'>uiginti</span> <span class='ocrx_word' id='word_1_268' title='bbox 643 3678 744 3742; x_wconf 75' lang='lat' dir='ltr'>pondo,</span> <span class='ocrx_word' id='word_1_269' title='bbox 788 3678 918 3726; x_wconf 81' lang='lat' dir='ltr'>omittitur.</span> <span class='ocrx_word' id='word_1_270' title='bbox 930 3679 1006 3729; x_wconf 83' lang='lat' dir='ltr'>Conl.</span> <span class='ocrx_word' id='word_1_271' title='bbox 1017 3691 1043 3726; x_wconf 85' lang='lat' dir='ltr'>n.</span> <span class='ocrx_word' id='word_1_272' title='bbox 1055 3679 1084 3736; x_wconf 89' lang='lat'>6,</span> <span class='ocrx_word' id='word_1_273' title='bbox 1097 3689 1122 3740; x_wconf 81' lang='lat' dir='ltr'>et</span> <span class='ocrx_word' id='word_1_274' title='bbox 1135 3679 1238 3737; x_wconf 77' lang='lat' dir='ltr'>xxm,</span> <span class='ocrx_word' id='word_1_275' title='bbox 1254 3695 1306 3744; x_wconf 19' lang='lat' dir='ltr'>avr,</span> 
     </span>
     <span class='ocr_line' id='line_1_33' title="bbox 230 3753 1303 3820; baseline -0.001 -14"><span class='ocrx_word' id='word_1_276' title='bbox 230 3755 256 3808; x_wconf 90' lang='lat' dir='ltr'>h.</span> <span class='ocrx_word' id='word_1_277' title='bbox 269 3771 291 3806; x_wconf 80' lang='lat' dir='ltr'>e.</span> <span class='ocrx_word' id='word_1_278' title='bbox 304 3754 340 3805; x_wconf 79' lang='lat' dir='ltr'>eit</span> <span class='ocrx_word' id='word_1_279' title='bbox 354 3754 439 3812; x_wconf 72' lang='lat' dir='ltr'>Creu,</span> <span class='ocrx_word' id='word_1_280' title='bbox 450 3769 482 3805; x_wconf 84' lang='lat' dir='ltr'>ex</span> <span class='ocrx_word' id='word_1_281' title='bbox 493 3755 580 3810; x_wconf 68' lang='lat' dir='ltr'>mercii</span> <span class='ocrx_word' id='word_1_282' title='bbox 593 3753 745 3807; x_wconf 57' lang='lat' dir='ltr'>nemausus</span> <span class='ocrx_word' id='word_1_283' title='bbox 776 3759 915 3820; x_wconf 70' lang='lat' dir='ltr'>UXHI,</span> <span class='ocrx_word' id='word_1_284' title='bbox 925 3765 973 3819; x_wconf 73' lang='lat' dir='ltr'>tn,</span> <span class='ocrx_word' id='word_1_285' title='bbox 984 3773 1012 3806; x_wconf 87' lang='lat' dir='ltr'>n.</span> <span class='ocrx_word' id='word_1_286' title='bbox 1025 3758 1039 3804; x_wconf 82' lang='lat'><em>5</em></span> <span class='ocrx_word' id='word_1_287' title='bbox 1050 3775 1057 3817; x_wconf 90' lang='lat'>;</span> <span class='ocrx_word' id='word_1_288' title='bbox 1068 3756 1193 3806; x_wconf 62' lang='lat' dir='ltr'>Drakenhr</span> <span class='ocrx_word' id='word_1_289' title='bbox 1206 3757 1238 3805; x_wconf 76' lang='lat' dir='ltr'>ad</span> <span class='ocrx_word' id='word_1_290' title='bbox 1246 3758 1273 3808; x_wconf 84' lang='lat' dir='ltr'>h.</span> <span class='ocrx_word' id='word_1_291' title='bbox 1284 3758 1303 3805; x_wconf 91' lang='lat'>1.</span> 
     </span>
     <span class='ocr_line' id='line_1_34' title="bbox 232 3832 1302 3904; baseline 0.004 -22"><span class='ocrx_word' id='word_1_292' title='bbox 232 3834 275 3893; x_wconf 76' lang='lat' dir='ltr'>dr,</span> <span class='ocrx_word' id='word_1_293' title='bbox 287 3832 368 3904; x_wconf 65' lang='lat' dir='ltr'>unciis</span> <span class='ocrx_word' id='word_1_294' title='bbox 380 3848 404 3886; x_wconf 71' lang='lat' dir='ltr'>e·</span> <span class='ocrx_word' id='word_1_295' title='bbox 416 3834 462 3882; x_wconf 78' lang='lat' dir='ltr'>En.</span> <span class='ocrx_word' id='word_1_296' title='bbox 550 3879 558 3892; x_wconf 78' lang='grc'>,</span> <span class='ocrx_word' id='word_1_297' title='bbox 788 3847 813 3884; x_wconf 84' lang='lat' dir='ltr'>ct</span> <span class='ocrx_word' id='word_1_298' title='bbox 831 3836 966 3885; x_wconf 78' lang='lat' dir='ltr'>Sehwebel.</span> <span class='ocrx_word' id='word_1_299' title='bbox 983 3837 1016 3884; x_wconf 80' lang='lat' dir='ltr'>ed</span> <span class='ocrx_word' id='word_1_300' title='bbox 1034 3835 1118 3884; x_wconf 80' lang='lat' dir='ltr'>Lamb.</span> <span class='ocrx_word' id='word_1_301' title='bbox 1138 3838 1196 3898; x_wconf 77' lang='lat' dir='ltr'>Bos.</span> <span class='ocrx_word' id='word_1_302' title='bbox 1216 3836 1302 3902; x_wconf 80' lang='lat' dir='ltr'>Ellips.</span> 
     </span>
     <span class='ocr_line' id='line_1_35' title="bbox 232 3911 1302 3982; baseline 0.006 -24"><span class='ocrx_word' id='word_1_303' title='bbox 232 3923 234 3927; x_wconf 86' lang='lat'>·</span> <span class='ocrx_word' id='word_1_304' title='bbox 267 3911 745 3976; x_wconf 71' lang='lat' dir='ltr'>4.Equorumcommcrcium,jusemeu·</span> <span class='ocrx_word' id='word_1_305' title='bbox 787 3931 859 3980; x_wconf 73' lang='lat' dir='ltr'>gnp.</span> <span class='ocrx_word' id='word_1_306' title='bbox 873 3915 1186 3980; x_wconf 66' lang='lat' dir='ltr'>roe—Ipsosquoctiam</span> <span class='ocrx_word' id='word_1_307' title='bbox 1196 3928 1302 3982; x_wconf 75' lang='lat' dir='ltr'>agrestes</span> 
     </span>
     <span class='ocr_line' id='line_1_36' title="bbox 231 3990 1302 4060; baseline 0.004 -22"><span class='ocrx_word' id='word_1_308' title='bbox 231 3990 272 4048; x_wconf 65' lang='lat' dir='ltr'>di,</span> <span class='ocrx_word' id='word_1_309' title='bbox 285 3990 389 4042; x_wconf 82' lang='lat' dir='ltr'>Ernesti.</span> <span class='ocrx_word' id='word_1_310' title='bbox 399 3990 513 4040; x_wconf 84' lang='lat' dir='ltr'>Similiter</span> <span class='ocrx_word' id='word_1_311' title='bbox 526 3993 610 4052; x_wconf 73' lang='lat' dir='ltr'>nv,</span> <span class='ocrx_word' id='word_1_312' title='bbox 626 4008 663 4055; x_wconf 76' lang='lat'>29</span> <span class='ocrx_word' id='word_1_313' title='bbox 679 4003 742 4044; x_wconf 78' lang='lat' dir='ltr'>extr.</span> <span class='ocrx_word' id='word_1_314' title='bbox 784 3993 913 4060; x_wconf 73' lang='lat' dir='ltr'>peregrino</span> <span class='ocrx_word' id='word_1_315' title='bbox 915 3993 1043 4058; x_wconf 76' lang='lat' dir='ltr'>frumento</span> <span class='ocrx_word' id='word_1_316' title='bbox 1053 3995 1163 4051; x_wconf 70' lang='lat' dir='ltr'>alerente</span> <span class='ocrx_word' id='word_1_317' title='bbox 1173 3995 1302 4045; x_wconf 84' lang='lat' dir='ltr'>Demosth.</span> 
     </span>
     <span class='ocr_line' id='line_1_37' title="bbox 231 4063 1301 4144; baseline 0.004 -26"><span class='ocrx_word' id='word_1_318' title='bbox 231 4070 400 4118; x_wconf 82' lang='lat' dir='ltr'>commercium</span> <span class='ocrx_word' id='word_1_319' title='bbox 412 4070 471 4120; x_wconf 81' lang='lat' dir='ltr'>salis</span> <span class='ocrx_word' id='word_1_320' title='bbox 481 4069 518 4119; x_wconf 84' lang='lat' dir='ltr'>id.</span> <span class='ocrx_word' id='word_1_321' title='bbox 527 4072 570 4136; x_wconf 89' lang='lat' dir='ltr'>qd.</span> <span class='ocrx_word' id='word_1_322' title='bbox 584 4074 609 4121; x_wconf 89' lang='lat'>11</span> <span class='ocrx_word' id='word_1_323' title='bbox 615 4089 668 4144; x_wconf 69' lang='grc'>,9,</span> <span class='ocrx_word' id='word_1_324' title='bbox 680 4089 742 4122; x_wconf 82' lang='lat' dir='ltr'>vcn-</span> <span class='ocrx_word' id='word_1_325' title='bbox 762 4090 767 4103; x_wconf 76' lang='lat'><strong>¹</strong></span> <span class='ocrx_word' id='word_1_326' title='bbox 786 4063 865 4123; x_wconf 44' lang='lat' dir='ltr'>Oret(</span> <span class='ocrx_word' id='word_1_327' title='bbox 876 4073 972 4122; x_wconf 77' lang='lat' dir='ltr'>advers.</span> <span class='ocrx_word' id='word_1_328' title='bbox 994 4072 1135 4138; x_wconf 76' lang='lat' dir='ltr'>Leptinen,</span> <span class='ocrx_word' id='word_1_329' title='bbox 1153 4090 1209 4140; x_wconf 80' lang='lat' dir='ltr'><strong>pag.</strong></span> <span class='ocrx_word' id='word_1_330' title='bbox 1233 4074 1284 4129; x_wconf 67' lang='lat'>545</span> <span class='ocrx_word' id='word_1_331' title='bbox 1295 4089 1301 4122; x_wconf 90' lang='lat'>:</span> 
     </span>
     <span class='ocr_line' id='line_1_38' title="bbox 231 4146 1302 4224; baseline 0.009 -28"><span class='ocrx_word' id='word_1_332' title='bbox 231 4146 306 4198; x_wconf 77' lang='lat' dir='ltr'>dcccli</span> <span class='ocrx_word' id='word_1_333' title='bbox 314 4147 373 4197; x_wconf 79' lang='lat' dir='ltr'>salis</span> <span class='ocrx_word' id='word_1_334' title='bbox 385 4149 524 4205; x_wconf 76' lang='lat' dir='ltr'>arbitrium.</span> <span class='ocrx_word' id='word_1_335' title='bbox 786 4151 839 4206; x_wconf 78' lang='lat' dir='ltr'>iere</span> <span class='ocrx_word' id='word_1_336' title='bbox 862 4151 908 4222; x_wconf 71' lang='grc' dir='ltr'>γὰρ</span> <span class='ocrx_word' id='word_1_337' title='bbox 931 4147 1013 4207; x_wconf 74' lang='lat' dir='ltr'>dritten</span> <span class='ocrx_word' id='word_1_338' title='bbox 1030 4155 1113 4222; x_wconf 66' lang='grc' dir='ltr'>τοῦθ’,</span> <span class='ocrx_word' id='word_1_339' title='bbox 1139 4151 1176 4204; x_wconf 76' lang='grc' dir='ltr'>ὅτι</span> <span class='ocrx_word' id='word_1_340' title='bbox 1191 4154 1302 4224; x_wconf 74' lang='grc' dir='ltr'><strong>πλείστῳ</strong></span> 
     </span>
    </p>
   </div>
   <div class='ocr_carea' id='block_1_5' title="bbox 0 0 1496 4702">
    <p class='ocr_par' dir='ltr' id='par_1_8' title="bbox 0 0 1496 4702">
     <span class='ocr_line' id='line_1_39' title="bbox 0 0 1496 4702; baseline 0 5"><span class='ocrx_word' id='word_1_341' title='bbox 0 0 1496 4702; x_wconf 95' lang='lat' dir='ltr'> </span> 
     </span>
    </p>
   </div>
  </div>
 </body>
</html>
