2984 4706
216 345 341 450 ῧςὲςςξξς
365 367 449 433 ua
476 356 599 433 xtiv.
627 368 722 434 (ua
748 319 903 435 xuxvr.
931 371 1107 440 xxxvii.
1152 314 1245 456 ’πμ

103 487 107 493 ’
191 509 235 553 ac
240 489 406 581 periculo
423 492 459 572 iri
478 492 604 556 intima
618 487 864 572 Macedoaioe;
882 495 1142 586 exercitiaque,
1161 497 1253 564 sicut

186 594 369 690 prioribus
391 595 562 682 dacibus,
577 621 650 693 per
668 596 775 672 calles
796 596 979 692 saltusque
999 598 1251 672 Macedonico·

164 803 166 808 Ι
190 729 272 776 rum
294 711 468 776 montium
489 707 661 800 vagando
680 713 951 800 circumagatur.
971 713 1016 780 Sc
1036 733 1252 806 magnopere

189 815 361 900 suadere,
385 815 472 884 dum
496 822 533 884 in
557 841 687 912 campo
700 821 843 912 patenti
864 816 1000 886 hostem
1020 818 1169 907 habeat,
1190 846 1252 917 ag-

187 924 387 1018 grediatur,
406 949 471 994 uec
493 924 653 995 oblatam
673 931 897 995 occasionem
914 927 1085 996 vincendi
1100 935 1251 1000 amittat.

190 1033 345 1118 Consul,
371 1033 459 1104 nihil
486 1031 644 1106 offensus
667 1032 780 1103 libera
805 1031 1048 1109 admonitione
1071 1050 1140 1107 tam
1165 1037 1250 1114 clari

191 1141 445 1227 adolescentis,
464 1147 537 1212 «Et
556 1141 642 1237 ego,
660 1143 799 1236 inquit,
817 1142 976 1212 animum
996 1143 1103 1214 istum
1122 1144 1251 1234 habui,
1348 1154 1351 1159 ’

190 1251 362 1336 «Nasica,
379 1275 488 1347 quem
503 1266 543 1324 tu
558 1276 654 1324 nunc
667 1249 794 1332 habes;
809 1265 860 1336 et,
875 1275 985 1345 quem
998 1275 1065 1347 ego
1079 1278 1176 1323 nunc
1191 1254 1252 1326 ha-

189 1389 205 1422 «
220 1357 311 1446 beo,
330 1375 370 1434 tu
389 1359 547 1432 habebis.
563 1359 685 1430 Multis
698 1358 784 1430 belli
802 1357 942 1430 casibus
961 1358 1084 1447 didici,
1105 1362 1251 1457 quando

190 1497 206 1532 «
220 1469 474 1564 pugnandum,
494 1468 641 1564 quando
665 1466 918 1544 abstinendum
943 1492 1063 1566 pugna
1086 1471 1140 1543 sit.
1170 1476 1251 1544 Nou

190 1601 339 1673 «operm
361 1574 431 1648 sit⁵
452 1581 558 1648 stanti
586 1602 683 1654 nunc
710 1563 747 1646 in
775 1579 848 1656 acie
875 1577 1025 1662 docere,
1051 1579 1184 1674 quibus
1206 1581 1250 1651 de

189 1688 334 1758 «causis
353 1687 460 1761 hodie
479 1689 620 1784 quiesse
638 1686 765 1760 melius
788 1689 842 1758 sit.
866 1688 1034 1758 Rationes
1051 1688 1134 1759 alias
1148 1715 1252 1786 repo-

189 1825 206 1860 «
220 1796 309 1870 scito
329 1823 336 1865 :
360 1821 458 1868 nunc
478 1798 687 1870 auctoritate
707 1797 835 1866 veteris
860 1797 1084 1892 imperatoris
1104 1815 1250 1879 conten·

189 1932 206 1966 a
220 1918 279 1974 tus
301 1905 410 1977 eris».
441 1907 622 1978 Conticuit
642 1905 867 1991 adolescem3
887 1904 982 1986 haud
1001 1905 1112 1978 dubie
1130 1908 1250 1983 videre

190 2011 310 2107 aliqua
333 2013 587 2110 impedimenta
610 2037 739 2110 pugnae
763 2014 969 2101 consulem,
990 2015 1156 2110 quaesibi
1176 2043 1249 2088 non

190 2136 415 2216 apparerent.
1047 2119 1049 2125 ’

239 2235 414 2301 XXXVII.
444 2232 604 2319 Paullus,
627 2247 819 2329 postquam
845 2247 976 2317 metata
1002 2248 1115 2305 castra
1135 2236 1250 2333 impe-

190 2337 423 2436 dimentaque
441 2340 612 2412 collocata
626 2341 894 2428 animadvertit,
918 2367 962 2412 ex
980 2359 1160 2438 postrema
1176 2348 1251 2417 acie

191 2450 331 2518 triarios
345 2451 482 2546 primos
502 2449 694 2520 subducit:
717 2448 846 2520 deinde
863 2452 1057 2547 principes,
1074 2453 1250 2525 stantibus

190 2558 227 2624 in
238 2562 353 2654 prima
364 2560 437 2628 acie
449 2558 607 2646 hastatis,
618 2562 647 2629 si
657 2559 745 2656 quid
755 2559 867 2629 hostis
877 2575 1053 2631 moveret:
1066 2577 1250 2658 postremo

191 2665 368 2755 hastatOS,
386 2666 431 2737 ab
450 2667 577 2738 ‹lextro
593 2671 750 2767 primurn
768 2693 880 2738 cornu
895 2669 1119 2765 singulorum
1135 2671 1250 2767 paula·

191 2777 255 2846 tim
275 2779 458 2874 signorum
479 2779 633 2850 milites¹
655 2778 876 2848 subtrahens.
899 2783 952 2847 Ita
968 2777 1124 2875 pedites,
1147 2783 1250 2874 equi-

189 2885 288 2975 tibus
310 2912 391 2957 cum
417 2887 485 2956 levi
507 2902 684 2958 armatura
703 2901 784 2958 ante
803 2887 913 2957 aciem
938 2886 1032 2955 hosti
1054 2879 1249 2982 oppositis,

192 2998 268 3066 sine
291 2996 450 3065 tumultu
472 2995 636 3084 abducti3
662 3022 729 3067 nec
751 3011 852 3081 ante,
879 3020 987 3092 quam
1012 2997 1127 3092 prima
1149 2995 1249 3072 srons

191 3104 274 3175 valli
287 3130 327 3176 ac
340 3101 434 3175 fossa
446 3105 620 3203 perducta
634 3121 702 3192 est,
718 3130 761 3175 ex
776 3106 926 3174 statione
941 3105 1079 3200 equites
1094 3109 1250 3178 revocati

193 3228 287 3288 suut.
311 3219 387 3285 Rex
406 3240 575 3311 quoque,
602 3240 715 3311 quum
734 3216 808 3286 sine
832 3203 1089 3286 detrectatione
1106 3230 1250 3310 paratus

192 3347 353 3421 pugnare
371 3347 414 3393 eo
434 3324 491 3400 die
509 3323 651 3412 fuisset,
671 3337 880 3408 contentus,
904 3323 1004 3420 quod
1026 3348 1091 3421 per
1109 3323 1250 3395 hostem

191 3546 263 3594 Oba.
275 3562 332 3610 pag.
348 3563 409 3609 109,
422 3551 568 3614 auspicatur:
583 3553 644 3598 «Ne
656 3550 699 3598 Iic-
779 3549 802 3597 5.
811 3550 868 3596 Non
882 3547 1016 3612 operarii,
1030 3549 1092 3596 forte
1105 3560 1159 3603 est;
1172 3550 1249 3596 Groti,

190 3636 263 3681 stein,
278 3624 321 3687 qui
330 3625 542 3694 i'dem'Iudistcatus
549 3629 645 3692 priores
654 3628 699 3676 im·
724 3625 727 3630 ’
744 3629 815 3678 Conf.
827 3626 858 3674 eil
875 3631 898 3680 1,
916 3635 963 3683 24,
982 3643 1009 3673 n.
1026 3641 1072 3682 ιο,
1086 3637 1112 3674 et
1124 3626 1186 3674 Plut.
1200 3627 1217 3675 1.
1231 3628 1248 3676 I.

187 3715 328 3766 potatores,
345 3714 391 3750 etc.
409 3721 505 3754 sensum
523 3723 610 3770 nempe
627 3707 699 3767 hujus
742 3722 798 3770 pag.
812 3707 870 3760 noi.
883 3704 1075 3761 -Atias‚ali0
1088 3715 1249 3767 tempore.—

190 3774 240 3830 lou
251 3781 323 3830 unice
333 3781 403 3830 talem
413 3783 505 3832 u'deri:
517 3806 529 3824 ιι
538 3785 577 3832 Nc
589 3785 696 3844 hostem,
740 3785 818 3834 Haud
828 3784 900 3834 dubie
911 3783 995 3832 nidere
1006 3800 1030 3831 a.
1045 3783 1061 3830 i.
1069 3799 1098 3844 p.
1114 3784 1250 3830 consulem:

190 3859 232 3922 qui
239 3859 297 3923 fam
309 3876 353 3906 seu
366 3861 408 3921 qui
420 3861 494 3911 etiam
506 3861 571 3925 (pro
580 3879 631 3926 quq
644 3864 695 3912 vul·
741 3863 786 3926 leg.
800 3863 901 3918 dubias,
920 3873 961 3908 aut
979 3860 1059 3924 suppl.
1075 3871 1144 3907 rana
1151 3877 1161 3916 ;
1174 3861 1248 3908 Drak.

191 3953 247 4000 gare
261 3948 299 3984 est-
315 3937 358 4002 qai
375 3937 448 4002 idem)
462 3941 554 4002 priores
567 3927 696 4004 imperato·
742 3943 814 3990 Conf.
828 3941 859 3990 ad
871 3943 922 3998 VI,
939 3955 985 3996 υ,
999 3957 1023 3988 n.
1039 3940 1061 3988 5.

191 4033 228 4064 res
240 4028 302 4066 esset
314 4015 469 4077 ludificatus,
483 4019 592 4066 manibus
605 4020 697 4068 emitte·
776 4022 835 4068 Car.
852 4019 984 4066 XXXVII.
1002 4034 1024 4064 1.
1043 4016 1169 4080 Signatum
1187 4018 1249 4064 mui—
1343 4057 1347 4068 .

190 4107 226 4143 ret
237 4096 384 4144 declinando
395 4107 513 4146 certamen
523 4118 543 4145 a.
555 4099 598 4144 En.
742 4111 794 4157 tes3
807 4097 863 4146 vide
874 4096 904 4144 ad
915 4095 997 4152 XXV,
1010 4097 1051 4155 23,
1064 4111 1088 4142 n.
1102 4111 1126 4156 9.

283 4186 392 4263 VIII.
1089 4177 1130 4247 16
