2972 4720
210 377 334 480 3:332}ss
381 401 474 466 Lm.
500 399 622 467 xuu.
651 397 758 463 cte.
785 397 931 462 xxm.
959 397 1099 462 xxlv.
1199 399 1240 479 41

183 523 289 592 haud
302 520 476 615 ambiguo
500 524 616 616 eapite
626 517 781 608 foederts
798 516 968 586 deterreri
976 512 1002 603 ³,
1025 541 1097 613 quo
1116 517 1245 588 diserte

182 646 348 702 vetentur
360 649 442 699 eum
456 633 559 698 sociis
573 625 704 724 populi
720 632 864 695 romani
879 625 1010 696 bellum
1024 649 1157 721 gerere.
1174 628 1248 697 Sed

172 741 257 834 jerm
285 739 380 808 ultra
407 737 613 835 superbiam
647 735 963 832 crudelitatemque
993 752 1030 805 et
1053 742 1244 807 avaritiam

181 852 258 944 ejus
275 873 349 918 nan
358 853 447 944 pati
452 871 563 944 posse
580 845 902 940 Carthaginienses.
921 849 1051 916 Missos
1069 870 1160 932 esse,
1180 854 1246 943 qui

181 974 327 1029 orarent
341 973 526 1041 senamm,
547 971 588 1026 ut
603 960 710 1025 trium
727 955 859 1024 haram
876 977 995 1023 rerum
1012 979 1124 1024 anam
1139 955 1188 1024 ab
1206 981 1244 1025 se

182 1076 368 1166 impetrari
382 1075 559 1138 sinerent:
577 1082 618 1136 ut
632 1065 696 1136 uel
708 1089 759 1157 ea
775 1089 883 1161 atqua
900 1065 1004 1160 apud
1020 1072 1156 1138 socium
1170 1091 1242 1164 pa-
1284 1055 1296 1078 ⁸

172 1180 325 1276 pulum,
350 1180 443 1277 quid
468 1180 641 1274 cujusque
666 1194 774 1262 esset,
800 1177 1060 1272 disceptarent,·
1082 1178 1146 1248 uel
1157 1203 1241 1275 per-2
1275 1237 1277 1244 s

180 1296 359 1360 mitterent
370 1287 739 1384 Carthaginiensibus,
753 1303 796 1358 ut
807 1287 976 1358 adversus
990 1290 1122 1382 injusta
1136 1310 1241 1360 arma

175 1405 241 1496 pio
249 1403 423 1497 justaque
440 1424 479 1469 se
496 1414 697 1480 tutarentur
718 1397 854 1484 bell04,·
875 1398 939 1469 uel
953 1398 1006 1468 ad
1020 1416 1239 1487 extremum,

179 1516 212 1580 si
220 1517 341 1606 gratia
350 1509 452 1607 plus,
471 1533 584 1607 quam
597 1515 750 1594 ueritas,
766 1509 871 1605 apud
882 1533 942 1578 eos
957 1507 1112 1595 ualeret,
1131 1511 1245 1582 semel

178 1617 387 1708 staluerent,
415 1621 507 1717 qnid
528 1619 703 1690 donanim
723 1643 771 1688 ea
794 1617 914 1689 alieno
940 1624 1146 1690 Masinissae
1162 1621 1240 1690 trel-

179 1729 261 1799 lent.
290 1730 487 1800 Modestius
509 1745 602 1798 eert‘e
625 1729 774 1800 datztrus
800 1753 878 1815 eos,
908 1745 944 1799 et
964 1735 1129 1810 siiturus,
1152 1731 1244 1827 quid

178 1839 386 1910 dedissent:
408 1846 524 1936 ipsum
544 1839 701 1926 nullum,
715 1855 966 1936 praterquam
987 1859 1064 1909 sua
1083 1840 1241 1912 libidinis

177 1949 326 2018 arbitrio
339 2001 348 2032 ,
363 1951 484 2044 finem
499 1950 701 2040 facturum.
728 1953 870 2019 Horum
897 1955 931 2019 si
955 1949 1050 2019 nihil
1071 1956 1240 2048 impetra-

177 2073 274 2145 rent,
296 2073 332 2127 et
350 2058 502 2155 aliquod
520 2083 626 2128 suum
635 2074 725 2156 post
738 2059 865 2128 datam
883 2085 907 2128 a
925 2065 967 2129 P.
989 2064 1154 2158 Set'pione
1162 2088 1239 2158 pa·

153 2190 156 2196 ‘
177 2191 253 2238 aem
271 2167 439 2239 delictum
455 2185 563 2255 esset,
581 2173 652 2266 ipsi
654 2175 780 2266 patius
797 2169 1122 2240 animadverterent
1137 2176 1174 2240 in
1189 2196 1237 2242 se.

180 2283 307 2348 Tutam
330 2285 531 2350 servitutem
548 2303 586 2349 se
602 2279 670 2349 sub
692 2279 847 2349 dominis
864 2285 1042 2366 romarus,
1060 2293 1172 2377 quam
1197 2281 1239 2350 li-

176 2385 348 2458 bertatem
377 2395 578 2485 expositam
607 2389 661 2458 ad
687 2391 838 2483 injurias
865 2393 1088 2477 Masinissae,
1118 2390 1235 2462 malle.

174 2501 298 2569 Perire
325 2517 484 2595 namque
510 2499 624 2569 semel
650 2504 736 2595 {osis
765 2504 878 2568 satius
905 2523 1000 2584 esse,
1029 2524 1142 2596 quam
1168 2501 1236 2570 sub

174 2605 396 2678 acerbissimi
423 2611 602 2704 carnificis
628 2608 776 2679 arbitrio
803 2615 967 2706 spiritum
992 2611 1131 2681 ducere.
1160 2611 1236 2682 Sub
1329 2689 1331 2693 ,

130 2727 134 2731 ’
175 2715 249 2786 haec
267 2716 361 2790 dicta
378 2719 611 2816 lacrymantes
629 2719 923 2818 procubuerunt3
942 2725 1114 2819 stratique
1135 2724 1237 2794 humi

174 2823 333 2897 nonsibi
350 2830 461 2923 magis
474 2827 773 2917 misericordiam,
792 2855 901 2926 quam
918 2833 994 2927 regi
1006 2828 1021 2873 ⁵
1034 2833 1060 2900 *.

221 2939 349 3004 XXIV.
376 2939 592 3034 Interrogari
617 2940 808 3010 Gulussam
839 2940 994 3037 placuit,
1015 2941 1104 3037 quid
1126 2942 1171 3012 ad
1195 2967 1236 3013 ea

171 3043 424 3141 responderet,
442 3063 521 3136 aut,
540 3050 569 3118 si
585 3049 684 3146 prius
703 3048 844 3138 mallet,
863 3045 1107 3147 expromeret,
1127 3075 1235 3149 super

171 3177 245 3250 qua
261 3179 301 3224 re
322 3159 484 3227 Romam
500 3159 663 3228 venisset.
688 3157 860 3247 Gulussa,
885 3164 1015 3255 Neque
1035 3160 1107 3231 sibi
1116 3161 1235 3250 fissile

172 3287 265 3349 esse,
290 3260 398 3353 dixit,
417 3266 463 3336 de
483 3271 524 3338 iis
542 3269 649 3338 rebus
666 3292 788 3364 agere,
808 3267 997 3366 dequibus
1015 3269 1110 3340 nihil
1125 3295 1231 3340 ruan-

171 3372 250 3444 dati
263 3401 287 3444 a
296 3392 408 3472 patre
430 3377 601 3467 haberet,·
620 3404 736 3476 neque
749 3385 855 3477 patri
864 3377 1109 3471 saeilefuisse
1126 3407 1232 3453 man-

170 3479 278 3568 dare,
305 3477 418 3579 quum
445 3489 776 3584 Carthaginienses,
807 3515 873 3560 nee
896 3490 942 3560 de
960 3517 1034 3588 qua
1054 3517 1093 3563 re
1117 3498 1240 3563 acturis

205 3714 228 3760 3.
241 3713 366 3764 Prohiberi
378 3729 450 3766 entra
459 3719 523 3783 fines
535 3719 621 3784 efferre
635 3741 675 3770 ar-
720 3728 745 3784 1,
763 3741 809 3788 aa,
821 3741 846 3773 n.
864 3728 889 3774 6.
902 3727 1028 3788 -,Quam
1046 3728 1157 3788 veritam
1172 3730 1228 3778 vide

167 3807 246 3839 ma...
272 3794 352 3858 eapite
363 3795 467 3860 faederis
481 3799 612 3858 deterreri,
629 3814 674 3850 ete.
719 3804 749 3852 ad
770 3807 807 3861 ΙΙ,
828 3807 877 3864 48,
896 3823 921 3853 n.
939 3807 1228 3866 ambladestinuvide

167 3869 263 3918 vidend
272 3874 357 3931 XXX,
366 3876 529 3934 37.-Missos
539 3895 599 3936 esse,
610 3881 674 3931 forte
718 3883 749 3930 ad
759 3885 790 3939 V,
802 3885 835 3941 6,
848 3901 875 3932 n.
893 3901 917 3944 7.

145 3967 146 3971 ¹
167 3945 255 3996 missos¹
270 3967 339 4009 sese,·
362 3954 439 4002 Gron.
461 3967 502 4004 nat
520 3973 570 4004 sese
589 3960 671 4010 missos
751 3963 775 4010 5.
792 3964 849 4010 Nori
869 3962 916 4010 sibi
929 3963 1006 4028 magis
1019 3965 1223 4025 misericordiam,

167 4029 319 4082 esse‚·Drak.
715 4057 789 4103 quam
809 4041 875 4106 regi:
897 4041 1062 4101 adjiciendum
1084 4045 1146 4092 forte
1166 4045 1225 4094 iuri-

202 4112 228 4159 t.
239 4105 404 4174 Piojustoqne
414 4127 439 4159 se
451 4123 468 4160 t.
482 4113 561 4171 betto;
571 4115 627 4168 vide
638 4119 669 4186 agi
714 4119 782 4168 diam
792 4123 962 4178 oortcitarunu
972 4122 1055 4190 Sigon.
