2970 4712
264 361 333 432 368
695 365 733 432 T.
761 368 888 435 LIVII

266 509 310 552 au
333 484 376 554 ad
400 475 587 554 Metellum*
605 497 640 553 et
662 488 876 556 Rusitaniam
897 477 1160 584 [Lusitaniam]
1183 512 1221 558 se
1240 513 1320 559 cou-

265 594 400 663 vertat?
417 599 499 664 Hac
518 617 638 664 secum
656 595 791 690 agitans
812 587 988 673 sartorius
1003 589 1132 694 praeter
1147 597 1320 668 Hiberum

265 725 406 772 amnem
422 727 488 800 per
500 719 644 798 pacatos
661 725 764 799 agros
783 707 945 801 quietum
963 706 1159 775 exercitum
1180 706 1256 775 sine
1270 707 1322 776 ul-

202 842 205 846 ’
265 813 333 882 lius
352 837 445 882 noxa
463 811 576 882 duxit.
598 809 884 901 Profectusinde
903 815 939 882 in
961 819 1183 884 Bursaonum
1205 829 1241 904 et
1258 819 1318 886 Ca·

266 921 522 990 suantinorum·
547 919 892 1018 [Cascantinorum]
924 939 960 993 et
987 924 1321 994 Graccuritanorum

265 1032 374 1117 fines,
396 1033 558 1102 evastatis
574 1029 742 1100 omnibus
757 1031 1043 1127 proculcatisque
1061 1031 1260 1126 segetibus,
1278 1033 1322 1103 ad

266 1142 464 1237 Calagurim
489 1141 651 1212 Nasicam
676 1142 856 1212 sociorum
881 1139 1009 1211 urbem
1033 1141 1135 1212 benit
1157 1141 1321 1240 [venit]

265 1268 577 1348 transgressusque
595 1273 736 1319 amnem
755 1251 1004 1347 propinquum
1022 1251 1123 1338 urbi,
1143 1267 1255 1349 ponte
1274 1251 1321 1322 fa-

266 1378 342 1448 cte,
362 1376 478 1432 castra
494 1362 625 1457 posuit.
1165 1371 1167 1375 ’

313 1475 459 1541 Postero
474 1467 531 1538 die
546 1473 594 1538 M.
609 1470 759 1539 Masium
771 1483 984 1565 quaestorem
1000 1471 1036 1539 in
1051 1474 1208 1541 Arvacos
1220 1469 1321 1567 [Are-

264 1578 391 1676 vacos]
409 1594 446 1650 et
464 1576 686 1648 Cerindones
704 1576 974 1675 [Pelendones]
994 1580 1088 1649 misit
1102 1579 1147 1648 ad
1165 1577 1321 1648 couscri-

264 1690 404 1762 bendos
434 1715 478 1760 ex
506 1691 547 1760 iis
576 1687 744 1788 gentibus
771 1688 900 1758 milites
924 1686 1219 1784 frumentumque
1240 1688 1321 1758 iude

265 1797 496 1870 Contrebiam
521 1796 714 1893 (Leucada
748 1797 977 1894 appellatur)
1001 1799 1320 1894 comportandum,

264 1922 523 2004 praeterquam
546 1905 673 2002 urbem
702 1908 1030 2003 opportunissimus
1055 1932 1101 1990 ex
1125 1907 1321 1979 Beronibus

265 2019 435 2099 transitus
448 2031 523 2086 erat
533 2069 542 2099 ‚
552 2018 591 2085 in
601 2039 867 2111 quamcumque
881 2017 1065 2112 regionem
1077 2009 1209 2088 ducere
1223 2041 1321 2087 exer-

266 2128 376 2196 citum
403 2129 600 2212 statuisset3
632 2140 667 2194 et
694 2130 734 2196 C.
756 2125 929 2196 Instelum
955 2125 1175 2223 [Insteium]
1197 2125 1321 2223 praefe-

265 2252 363 2308 ctum
377 2237 541 2332 equitum
555 2236 740 2330 Segoviam
754 2248 791 2304 et
806 2236 843 2303 in
859 2238 1075 2304 Vacreorum
1093 2234 1321 2334 [Vacaeorum

266 2370 291 2414 s.
317 2341 570 2440 Vaccaeorum]
599 2353 743 2442 gentem
770 2341 814 2413 ad
837 2346 997 2441 equitum
1023 2345 1322 2439 conquisitionem

252 2455 376 2544 imisit,
389 2453 528 2547 jussum
544 2477 627 2523 cum
645 2453 826 2549 equitibus
841 2452 1042 2524 Contrebiae
1058 2478 1134 2547 sese
1153 2456 1320 2551 opperiri.

265 2563 425 2632 Dimissis
444 2562 494 2632 iis
520 2563 596 2659 ipse
624 2561 825 2658 profectus,
848 2587 913 2660 per
937 2567 1142 2633 Umconum
1164 2562 1322 2660 [Vasco-

264 2671 375 2770 num]
402 2697 527 2770 agrum
558 2671 666 2742 ducto
694 2674 872 2759 exercitu,
886 2674 935 2741 -iu
961 2672 1118 2742 confinio
1146 2675 1323 2744 Vironum

264 2781 489 2883 [Beronum]
513 2784 633 2880 posuit
651 2796 773 2853 castra.
798 2787 945 2852 Postero
965 2783 1022 2853 die
1041 2807 1123 2852 curn
1143 2783 1323 2878 equitibus

263 2916 478 2990 praegressus
503 2892 547 2962 ad
572 2894 697 2962 itinera
719 2891 956 2988 exploranda,
975 2893 1075 2986 jusso
1096 2893 1216 2990 pedite
1235 2919 1322 2990 qua-

265 3005 367 3074 drato
384 3005 524 3102 agmine
543 3004 664 3100 sequi,
686 3003 730 3072 ad
751 3003 916 3073 Vareiam
937 3003 1323 3100 validissimamregio-

265 3117 320 3187 nis
334 3116 411 3210 ejus
424 3113 553 3186 urbem
568 3116 674 3185 venit.
686 3115 789 3186 Haud
802 3114 1056 3212 inopinantibu
1083 3171 1090 3182 .
1118 3170 1125 3183 .
1155 3169 1161 3181 .
1192 3169 1198 3182 .
1226 3114 1325 3184 advo

266 3239 384 3311 uerat,
400 3223 563 3318 undique
578 3239 613 3294 et
629 3247 699 3293 suae
714 3225 828 3322 gentis
845 3239 880 3294 et
895 3227 1068 3322 Autrig..
1094 3280 1101 3293 .
1129 3279 1135 3292 .
1161 3279 1168 3292 .
1192 3280 1198 3293 .
1221 3279 1228 3294 .
1250 3279 1286 3293 ..
1315 3280 1321 3292 .

318 3383 374 3428 Hoc
388 3393 423 3427 est
439 3381 598 3444 fragmentum
611 3380 689 3438 illud,
703 3379 794 3442 quoda
808 3395 833 3425 se
846 3379 871 3424 in
888 3379 1004 3428 Biblioth.
1014 3382 1094 3428 Vatic.
1106 3377 1191 3428 Rornae
1207 3399 1246 3430 an.
1260 3385 1324 3446 1773

266 3464 391 3510 inventum
411 3472 461 3510 e'sse
479 3475 503 3510 et
523 3465 551 3512 P.
569 3464 621 3510 Jeo.
641 3467 717 3510 Brum
734 3475 758 3510 et
766 3464 818 3510 vit.
833 3460 896 3512 Mar.
916 3463 1207 3528 Gioveuozzigloriatur.
1232 3465 1325 3513 abillo
1355 3492 1357 3500 ν

266 3548 358 3595 editum
369 3557 404 3593 est
414 3545 501 3594 Hamb.
512 3548 576 3608 1773
586 3562 594 3602 ;
604 3546 636 3593 ab
648 3545 695 3593 hoc
707 3547 753 3604 bis,
761 3549 845 3594 Romae
856 3557 880 3594 et
891 3545 967 3610 Neap.
983 3548 1056 3608 1773,
1069 3563 1123 3594 oum
1136 3547 1262 3610 permultis
1274 3564 1326 3594 ver·

265 3632 379 3692 bosisque
391 3630 456 3677 notis
469 3645 525 3676 cura
537 3634 621 3676 Franc.
630 3629 770 3676 Cancellieri
778 3646 785 3689 ;
794 3645 848 3692 quae
862 3629 937 3676 editio
948 3630 1050 3692 repetita
1059 3640 1094 3676 cst
1106 3631 1171 3694 Ljps.
1184 3632 1258 3691 1775,
1270 3647 1326 3678 oum

266 3716 334 3778 praes.
347 3710 371 3762 J.
383 3717 414 3761 Α.
427 3712 531 3760 Ernesti.
547 3713 734 3760 Eruendationes
754 3712 901 3760 Giovenazzi
919 3713 1012 3760 abbatis
1027 3715 1116 3760 inserui
1136 3714 1233 3760 uncinis
1247 3715 1326 3762 inelu-

266 3812 320 3854 sas3
337 3796 379 3844 sed
392 3797 450 3844 alias
466 3797 554 3856 adjecit
572 3798 597 3843 J.
614 3795 683 3852 Hire,
700 3797 742 3858 qui
757 3795 821 3842 idem
839 3797 999 3859 fragmentum
1016 3795 1081 3843 notis
1094 3796 1184 3843 criticis
1195 3796 1325 3844 illustravit

266 3881 361 3944 Upsalae
375 3897 450 3941 1777.
459 3885 485 3928 Is
493 3880 535 3929 lin.
549 3895 559 3925 1
572 3891 628 3944 post
640 3879 778 3943 insequente
788 3879 907 3927 excidisse
919 3879 1020 3942 putabat
1034 3890 1117 3934 nocte,
1132 3889 1156 3926 et
1169 3879 1257 3926 deiude
1268 3879 1326 3926 alias

267 3963 444 4042 commendavit
459 3961 592 4020 lectiones,
606 3981 630 4011 v.
652 3980 674 4010 c.
692 3974 777 4010 vetera
798 3980 883 4018 arina,
907 3974 953 4009 etc.
974 3963 1046 4012 Conf.
1067 3962 1178 4025 Gotting.
1193 3964 1241 4027 gel.
1260 3965 1324 4011 Ans.

266 4065 288 4094 a.
301 4056 418 4110 1774‚p.
432 4063 459 4094 11
470 4047 506 4109 sq.
516 4057 539 4092 et
550 4063 572 4093 a.
586 4063 666 4106 1777,
682 4045 805 4094 additam.
815 4062 840 4108 p.
853 4047 903 4107 669
914 4052 949 4108 sq'.
