<?xml version="1.0" encoding="UTF-8"?>
<!DOCTYPE html PUBLIC "-//W3C//DTD XHTML 1.0 Transitional//EN"
    "http://www.w3.org/TR/xhtml1/DTD/xhtml1-transitional.dtd">
<html xmlns="http://www.w3.org/1999/xhtml" xml:lang="en" lang="en">
 <head>
  <title>
</title>
<meta http-equiv="Content-Type" content="text/html;charset=utf-8" />
  <meta name='ocr-system' content='tesseract 3.04.00' />
  <meta name='ocr-capabilities' content='ocr_page ocr_carea ocr_par ocr_line ocrx_word'/>
</head>
<body>
  <div class='ocr_page' id='page_1' title='image "./titusliviuspata02freigoog_0082.png"; bbox 0 0 2972 4720; ppageno 0'>
   <div class='ocr_carea' id='block_1_1' title="bbox 177 371 1212 494">
    <p class='ocr_par' dir='ltr' id='par_1_1' title="bbox 177 371 1212 504">
     <span class='ocr_line' id='line_1_1' title="bbox 177 371 1212 494; baseline -0.01 -15"><span class='ocrx_word' id='word_1_1' title='bbox 177 393 205 490; x_wconf 71' lang='lat'><strong>1¹1:</strong></span> <span class='ocrx_word' id='word_1_2' title='bbox 217 389 244 490; x_wconf 67' lang='grc' dir='ltr'><strong>ἓ,</strong></span> <span class='ocrx_word' id='word_1_3' title='bbox 257 402 302 490; x_wconf 67' lang='lat'><strong>3312</strong></span> <span class='ocrx_word' id='word_1_4' title='bbox 352 371 445 475; x_wconf 82' lang='lat' dir='ltr'><strong>mn</strong></span> <span class='ocrx_word' id='word_1_5' title='bbox 467 406 588 474; x_wconf 78' lang='lat' dir='ltr'><strong>xnu.</strong></span> <span class='ocrx_word' id='word_1_6' title='bbox 611 407 718 474; x_wconf 76' lang='lat' dir='ltr'><strong>ear.</strong></span> <span class='ocrx_word' id='word_1_7' title='bbox 741 407 864 473; x_wconf 76' lang='lat' dir='ltr'><strong>xnu.</strong></span> <span class='ocrx_word' id='word_1_8' title='bbox 888 406 1029 472; x_wconf 82' lang='lat' dir='ltr'><strong>xmn.</strong></span> <span class='ocrx_word' id='word_1_9' title='bbox 1055 443 1060 450; x_wconf 34' lang='grc' dir='ltr'><em>ι</em></span> <span class='ocrx_word' id='word_1_10' title='bbox 1168 399 1212 494; x_wconf 79' lang='lat'><strong>73</strong></span> 
     </span>
    </p>
   </div>
   <div class='ocr_carea' id='block_1_2' title="bbox 46 523 1331 3575">
    <p class='ocr_par' dir='ltr' id='par_1_2' title="bbox 46 523 1331 3575">
     <span class='ocr_line' id='line_1_2' title="bbox 145 523 1214 612; baseline -0.003 -18"><span class='ocrx_word' id='word_1_11' title='bbox 145 559 164 594; x_wconf 74' lang='lat' dir='ltr'><strong>a</strong></span> <span class='ocrx_word' id='word_1_12' title='bbox 180 552 281 599; x_wconf 89' lang='lat' dir='ltr'><strong>meos</strong></span> <span class='ocrx_word' id='word_1_13' title='bbox 305 550 379 597; x_wconf 92' lang='lat' dir='ltr'><strong>non</strong></span> <span class='ocrx_word' id='word_1_14' title='bbox 403 525 520 595; x_wconf 92' lang='lat' dir='ltr'><strong>solum</strong></span> <span class='ocrx_word' id='word_1_15' title='bbox 543 523 717 612; x_wconf 88' lang='lat' dir='ltr'><strong>indicata,</strong></span> <span class='ocrx_word' id='word_1_16' title='bbox 737 523 800 596; x_wconf 91' lang='lat' dir='ltr'><strong>sed</strong></span> <span class='ocrx_word' id='word_1_17' title='bbox 819 528 925 595; x_wconf 91' lang='lat' dir='ltr'><strong>etiam</strong></span> <span class='ocrx_word' id='word_1_18' title='bbox 948 537 1112 595; x_wconf 86' lang='lat' dir='ltr'><strong>excusata</strong></span> <span class='ocrx_word' id='word_1_19' title='bbox 1129 537 1214 594; x_wconf 91' lang='lat' dir='ltr'><strong>sunt</strong></span> 
     </span>
     <span class='ocr_line' id='line_1_3' title="bbox 148 633 1214 737; baseline 0 -34"><span class='ocrx_word' id='word_1_20' title='bbox 148 668 167 703; x_wconf 88' lang='lat'>«</span> <span class='ocrx_word' id='word_1_21' title='bbox 181 663 273 737; x_wconf 83' lang='lat' dir='ltr'><strong>saepe</strong></span> <span class='ocrx_word' id='word_1_22' title='bbox 287 639 324 707; x_wconf 92' lang='lat' dir='ltr'><strong>in</strong></span> <span class='ocrx_word' id='word_1_23' title='bbox 339 650 467 706; x_wconf 89' lang='lat' dir='ltr'><strong>senatu</strong></span> <span class='ocrx_word' id='word_1_24' title='bbox 478 647 617 723; x_wconf 83' lang='lat' dir='ltr'><strong>vestr03</strong></span> <span class='ocrx_word' id='word_1_25' title='bbox 633 633 697 705; x_wconf 92' lang='lat' dir='ltr'><strong>ubi</strong></span> <span class='ocrx_word' id='word_1_26' title='bbox 710 635 849 732; x_wconf 90' lang='lat' dir='ltr'><strong>aliquos</strong></span> <span class='ocrx_word' id='word_1_27' title='bbox 863 659 930 732; x_wconf 89' lang='lat' dir='ltr'><strong>ego</strong></span> <span class='ocrx_word' id='word_1_28' title='bbox 942 634 1214 732; x_wconf 83' lang='lat' dir='ltr'>disceptatores,</span> 
     </span>
     <span class='ocr_line' id='line_1_4' title="bbox 149 745 1215 842; baseline -0.002 -30"><span class='ocrx_word' id='word_1_29' title='bbox 149 780 168 814; x_wconf 90' lang='lat'>«</span> <span class='ocrx_word' id='word_1_30' title='bbox 181 773 256 819; x_wconf 87' lang='lat' dir='ltr'><strong>non</strong></span> <span class='ocrx_word' id='word_1_31' title='bbox 273 763 345 818; x_wconf 89' lang='lat' dir='ltr'><strong>tam</strong></span> <span class='ocrx_word' id='word_1_32' title='bbox 360 769 501 842; x_wconf 86' lang='lat' dir='ltr'><strong>aequos,</strong></span> <span class='ocrx_word' id='word_1_33' title='bbox 519 768 626 841; x_wconf 88' lang='lat' dir='ltr'><strong>quam</strong></span> <span class='ocrx_word' id='word_1_34' title='bbox 642 757 695 832; x_wconf 91' lang='lat' dir='ltr'><strong>te,</strong></span> <span class='ocrx_word' id='word_1_35' title='bbox 715 746 758 833; x_wconf 90' lang='lat' dir='ltr'><strong>Q.</strong></span> <span class='ocrx_word' id='word_1_36' title='bbox 773 746 902 829; x_wconf 91' lang='lat' dir='ltr'><strong>Marci,</strong></span> <span class='ocrx_word' id='word_1_37' title='bbox 921 758 1111 842; x_wconf 89' lang='lat' dir='ltr'><strong>paternum</strong></span> <span class='ocrx_word' id='word_1_38' title='bbox 1132 745 1215 812; x_wconf 91' lang='lat' dir='ltr'><strong>ami-</strong></span> 
     </span>
     <span class='ocr_line' id='line_1_5' title="bbox 150 854 1215 954; baseline -0.01 -22"><span class='ocrx_word' id='word_1_39' title='bbox 150 891 168 926; x_wconf 93' lang='lat'>«</span> <span class='ocrx_word' id='word_1_40' title='bbox 182 885 266 932; x_wconf 91' lang='lat' dir='ltr'><strong>cum</strong></span> <span class='ocrx_word' id='word_1_41' title='bbox 287 875 322 930; x_wconf 92' lang='lat' dir='ltr'><strong>et</strong></span> <span class='ocrx_word' id='word_1_42' title='bbox 342 857 541 954; x_wconf 84' lang='lat' dir='ltr'><strong>hospitem,</strong></span> <span class='ocrx_word' id='word_1_43' title='bbox 564 854 754 928; x_wconf 82' lang='lat' dir='ltr'><strong>habebam.</strong></span> <span class='ocrx_word' id='word_1_44' title='bbox 782 855 852 926; x_wconf 85' lang='lat' dir='ltr'><strong>Sed</strong></span> <span class='ocrx_word' id='word_1_45' title='bbox 877 856 1041 926; x_wconf 92' lang='lat' dir='ltr'><strong>nondum</strong></span> <span class='ocrx_word' id='word_1_46' title='bbox 1063 861 1215 926; x_wconf 87' lang='lat' dir='ltr'>Romam</span> 
     </span>
     <span class='ocr_line' id='line_1_6' title="bbox 151 964 1215 1062; baseline -0.003 -27"><span class='ocrx_word' id='word_1_47' title='bbox 151 1001 169 1035; x_wconf 67' lang='grc' dir='ltr'><em>α</em></span> <span class='ocrx_word' id='word_1_48' title='bbox 183 983 368 1042; x_wconf 88' lang='lat' dir='ltr'><strong>accusator</strong></span> <span class='ocrx_word' id='word_1_49' title='bbox 391 972 570 1037; x_wconf 87' lang='lat' dir='ltr'><strong>Eumenes</strong></span> <span class='ocrx_word' id='word_1_50' title='bbox 592 981 758 1054; x_wconf 90' lang='lat' dir='ltr'><strong>venerat,</strong></span> <span class='ocrx_word' id='word_1_51' title='bbox 780 967 844 1062; x_wconf 91' lang='lat' dir='ltr'><strong>qui</strong></span> <span class='ocrx_word' id='word_1_52' title='bbox 867 964 1117 1038; x_wconf 85' lang='lat' dir='ltr'><strong>calumniando</strong></span> <span class='ocrx_word' id='word_1_53' title='bbox 1137 988 1215 1034; x_wconf 91' lang='lat' dir='ltr'><strong>om-</strong></span> 
     </span>
     <span class='ocr_line' id='line_1_7' title="bbox 46 1064 1216 1174; baseline -0.008 -22"><span class='ocrx_word' id='word_1_54' title='bbox 46 1144 56 1152; x_wconf 91' lang='lat'><em>.</em></span> <span class='ocrx_word' id='word_1_55' title='bbox 152 1111 170 1147; x_wconf 75' lang='lat' dir='ltr'><strong>a</strong></span> <span class='ocrx_word' id='word_1_56' title='bbox 183 1082 242 1150; x_wconf 91' lang='lat' dir='ltr'><strong>nia</strong></span> <span class='ocrx_word' id='word_1_57' title='bbox 259 1076 584 1174; x_wconf 82' lang='lat' dir='ltr'><strong>detorquendoque</strong></span> <span class='ocrx_word' id='word_1_58' title='bbox 605 1091 770 1174; x_wconf 89' lang='lat' dir='ltr'><strong>suspecta</strong></span> <span class='ocrx_word' id='word_1_59' title='bbox 792 1091 828 1148; x_wconf 87' lang='lat' dir='ltr'><strong>et</strong></span> <span class='ocrx_word' id='word_1_60' title='bbox 847 1078 960 1148; x_wconf 88' lang='lat' dir='ltr'><strong>invisa</strong></span> <span class='ocrx_word' id='word_1_61' title='bbox 982 1064 1167 1163; x_wconf 86' lang='lat' dir='ltr'><strong>efficeret,</strong></span> <span class='ocrx_word' id='word_1_62' title='bbox 1180 1088 1216 1144; x_wconf 91' lang='lat' dir='ltr'><strong>et</strong></span> 
     </span>
     <span class='ocr_line' id='line_1_8' title="bbox 153 1185 1215 1288; baseline -0.005 -32"><span class='ocrx_word' id='word_1_63' title='bbox 153 1189 400 1288; x_wconf 81' lang='lat' dir='ltr'><strong>«persuadere</strong></span> <span class='ocrx_word' id='word_1_64' title='bbox 418 1186 520 1257; x_wconf 88' lang='lat' dir='ltr'><strong>vobis</strong></span> <span class='ocrx_word' id='word_1_65' title='bbox 539 1201 741 1275; x_wconf 85' lang='lat' dir='ltr'><strong>conaretur,</strong></span> <span class='ocrx_word' id='word_1_66' title='bbox 765 1212 840 1257; x_wconf 92' lang='lat' dir='ltr'><strong>non</strong></span> <span class='ocrx_word' id='word_1_67' title='bbox 859 1211 965 1285; x_wconf 92' lang='lat' dir='ltr'><strong>posse</strong></span> <span class='ocrx_word' id='word_1_68' title='bbox 987 1186 1160 1256; x_wconf 85' lang='lat' dir='ltr'><strong>Graeciam</strong></span> <span class='ocrx_word' id='word_1_69' title='bbox 1178 1185 1215 1252; x_wconf 93' lang='lat' dir='ltr'><strong>in</strong></span> 
     </span>
     <span class='ocr_line' id='line_1_9' title="bbox 154 1296 1315 1394; baseline -0.005 -26"><span class='ocrx_word' id='word_1_70' title='bbox 154 1301 349 1374; x_wconf 79' lang='lat' dir='ltr'><strong>«libertate</strong></span> <span class='ocrx_word' id='word_1_71' title='bbox 361 1323 437 1371; x_wconf 91' lang='lat' dir='ltr'><strong>esse</strong></span> <span class='ocrx_word' id='word_1_72' title='bbox 451 1353 460 1385; x_wconf 93' lang='lat'><strong>,</strong></span> <span class='ocrx_word' id='word_1_73' title='bbox 475 1314 511 1368; x_wconf 92' lang='lat' dir='ltr'><strong>et</strong></span> <span class='ocrx_word' id='word_1_74' title='bbox 525 1311 643 1368; x_wconf 91' lang='lat' dir='ltr'><strong>vestro</strong></span> <span class='ocrx_word' id='word_1_75' title='bbox 657 1321 807 1369; x_wconf 90' lang='lat' dir='ltr'><strong>munere</strong></span> <span class='ocrx_word' id='word_1_76' title='bbox 821 1296 912 1386; x_wconf 85' lang='lat' dir='ltr'><strong>frui,</strong></span> <span class='ocrx_word' id='word_1_77' title='bbox 926 1296 1048 1394; x_wconf 90' lang='lat' dir='ltr'><strong>quoad</strong></span> <span class='ocrx_word' id='word_1_78' title='bbox 1062 1304 1215 1392; x_wconf 89' lang='lat' dir='ltr'><strong>regnu&#39;m</strong></span> <span class='ocrx_word' id='word_1_79' title='bbox 1238 1319 1242 1324; x_wconf 89' lang='lat'>·</span> <span class='ocrx_word' id='word_1_80' title='bbox 1312 1375 1315 1382; x_wconf 36' lang='grc'>,</span> 
     </span>
     <span class='ocr_line' id='line_1_10' title="bbox 156 1403 1275 1505; baseline -0.006 -27"><span class='ocrx_word' id='word_1_81' title='bbox 156 1443 173 1478; x_wconf 73' lang='grc' dir='ltr'><strong>α</strong></span> <span class='ocrx_word' id='word_1_82' title='bbox 188 1411 404 1482; x_wconf 85' lang='lat' dir='ltr'><strong>Macedoniae</strong></span> <span class='ocrx_word' id='word_1_83' title='bbox 417 1408 599 1479; x_wconf 87' lang='lat' dir='ltr'><strong>incolume</strong></span> <span class='ocrx_word' id='word_1_84' title='bbox 611 1421 715 1478; x_wconf 90' lang='lat' dir='ltr'><strong>esset.</strong></span> <span class='ocrx_word' id='word_1_85' title='bbox 733 1406 1094 1505; x_wconf 74' lang='lat' dir='ltr'><strong>Circumageturhic‘*</strong></span> <span class='ocrx_word' id='word_1_86' title='bbox 1104 1403 1217 1474; x_wconf 88' lang='lat' dir='ltr'><strong>orbis:</strong></span> <span class='ocrx_word' id='word_1_87' title='bbox 1270 1422 1275 1430; x_wconf 84' lang='lat'><em>·</em></span> 
     </span>
     <span class='ocr_line' id='line_1_11' title="bbox 155 1513 1219 1615; baseline -0.006 -28"><span class='ocrx_word' id='word_1_88' title='bbox 155 1524 253 1594; x_wconf 80' lang='lat' dir='ltr'><strong>«erit</strong></span> <span class='ocrx_word' id='word_1_89' title='bbox 267 1543 369 1605; x_wconf 84' lang='lat' dir='ltr'><strong>mox,</strong></span> <span class='ocrx_word' id='word_1_90' title='bbox 392 1518 455 1615; x_wconf 91' lang='lat' dir='ltr'><strong>qui</strong></span> <span class='ocrx_word' id='word_1_91' title='bbox 468 1531 610 1614; x_wconf 88' lang='lat' dir='ltr'><strong>arguat,</strong></span> <span class='ocrx_word' id='word_1_92' title='bbox 632 1517 878 1615; x_wconf 90' lang='lat' dir='ltr'><strong>nequidquam</strong></span> <span class='ocrx_word' id='word_1_93' title='bbox 892 1518 1111 1589; x_wconf 83' lang='lat' dir='ltr'><strong>Antiochum</strong></span> <span class='ocrx_word' id='word_1_94' title='bbox 1126 1513 1219 1584; x_wconf 89' lang='lat' dir='ltr'><strong>ultra</strong></span> 
     </span>
     <span class='ocr_line' id='line_1_12' title="bbox 156 1629 1219 1727; baseline -0.005 -29"><span class='ocrx_word' id='word_1_95' title='bbox 156 1632 273 1727; x_wconf 80' lang='lat' dir='ltr'><strong>«juga</strong></span> <span class='ocrx_word' id='word_1_96' title='bbox 289 1629 396 1699; x_wconf 90' lang='lat' dir='ltr'><strong>Tauri</strong></span> <span class='ocrx_word' id='word_1_97' title='bbox 416 1642 614 1714; x_wconf 89' lang='lat' dir='ltr'><strong>remotum;</strong></span> <span class='ocrx_word' id='word_1_98' title='bbox 635 1629 833 1724; x_wconf 86' lang='lat' dir='ltr'><strong>graviorem</strong></span> <span class='ocrx_word' id='word_1_99' title='bbox 851 1629 967 1707; x_wconf 89' lang='lat' dir='ltr'><strong>multo</strong></span> <span class='ocrx_word' id='word_1_100' title='bbox 983 1630 1090 1714; x_wconf 83' lang='lat' dir='ltr'><strong>Asiae,</strong></span> <span class='ocrx_word' id='word_1_101' title='bbox 1111 1649 1219 1723; x_wconf 91' lang='lat' dir='ltr'><strong>quam</strong></span> 
     </span>
     <span class='ocr_line' id='line_1_13' title="bbox 157 1736 1221 1833; baseline -0.007 -23"><span class='ocrx_word' id='word_1_102' title='bbox 157 1738 386 1813; x_wconf 71' lang='lat' dir='ltr'><strong>«Antiochus</strong></span> <span class='ocrx_word' id='word_1_103' title='bbox 404 1736 533 1826; x_wconf 84' lang='lat' dir='ltr'><strong>luerit,</strong></span> <span class='ocrx_word' id='word_1_104' title='bbox 549 1742 747 1809; x_wconf 87' lang='lat' dir='ltr'><strong>Eumenem</strong></span> <span class='ocrx_word' id='word_1_105' title='bbox 766 1763 860 1826; x_wconf 91' lang='lat' dir='ltr'><strong>esse,</strong></span> <span class='ocrx_word' id='word_1_106' title='bbox 884 1763 952 1810; x_wconf 90' lang='lat' dir='ltr'><strong>nec</strong></span> <span class='ocrx_word' id='word_1_107' title='bbox 966 1737 1221 1833; x_wconf 88' lang='lat' dir='ltr'><strong>conquiescere</strong></span> 
     </span>
     <span class='ocr_line' id='line_1_14' title="bbox 158 1847 1221 1947; baseline -0.004 -29"><span class='ocrx_word' id='word_1_108' title='bbox 158 1852 304 1924; x_wconf 80' lang='lat' dir='ltr'><strong>«socios</strong></span> <span class='ocrx_word' id='word_1_109' title='bbox 324 1856 473 1920; x_wconf 66' lang='lat' dir='ltr'><strong>vestro!</strong></span> <span class='ocrx_word' id='word_1_110' title='bbox 485 1873 612 1946; x_wconf 90' lang='lat' dir='ltr'><strong>posse,</strong></span> <span class='ocrx_word' id='word_1_111' title='bbox 636 1847 758 1945; x_wconf 92' lang='lat' dir='ltr'><strong>quoad</strong></span> <span class='ocrx_word' id='word_1_112' title='bbox 777 1849 872 1947; x_wconf 85' lang='lat' dir='ltr'><strong>regia</strong></span> <span class='ocrx_word' id='word_1_113' title='bbox 886 1849 1047 1946; x_wconf 84' lang='lat' dir='ltr'><strong>Pergami</strong></span> <span class='ocrx_word' id='word_1_114' title='bbox 1061 1848 1126 1918; x_wconf 92' lang='lat' dir='ltr'><strong>sit:</strong></span> <span class='ocrx_word' id='word_1_115' title='bbox 1143 1870 1221 1916; x_wconf 91' lang='lat' dir='ltr'><strong>eam</strong></span> 
     </span>
     <span class='ocr_line' id='line_1_15' title="bbox 159 1957 1224 2058; baseline -0.004 -29"><span class='ocrx_word' id='word_1_116' title='bbox 159 1993 177 2029; x_wconf 74' lang='grc' dir='ltr'><strong>ιι</strong></span> <span class='ocrx_word' id='word_1_117' title='bbox 190 1986 307 2034; x_wconf 89' lang='lat' dir='ltr'><strong>arcem</strong></span> <span class='ocrx_word' id='word_1_118' title='bbox 330 1984 436 2058; x_wconf 88' lang='lat' dir='ltr'><strong>supra</strong></span> <span class='ocrx_word' id='word_1_119' title='bbox 454 1960 574 2058; x_wconf 81' lang='lat' dir='ltr'><strong>&#39;capita</strong></span> <span class='ocrx_word' id='word_1_120' title='bbox 600 1958 835 2030; x_wconf 86' lang='lat' dir='ltr'><strong>finitimarum</strong></span> <span class='ocrx_word' id='word_1_121' title='bbox 861 1962 1055 2031; x_wconf 87' lang='lat' dir='ltr'><strong>civitatium</strong></span> <span class='ocrx_word' id='word_1_122' title='bbox 1080 1957 1224 2055; x_wconf 90' lang='lat' dir='ltr'><strong>imposi-</strong></span> 
     </span>
     <span class='ocr_line' id='line_1_16' title="bbox 161 2070 1250 2168; baseline 0.002 -30"><span class='ocrx_word' id='word_1_123' title='bbox 161 2103 179 2138; x_wconf 72' lang='grc' dir='ltr'><strong>ιι</strong></span> <span class='ocrx_word' id='word_1_124' title='bbox 192 2086 275 2144; x_wconf 88' lang='lat' dir='ltr'><strong>tam.</strong></span> <span class='ocrx_word' id='word_1_125' title='bbox 298 2077 374 2168; x_wconf 92' lang='lat' dir='ltr'><strong>Ego</strong></span> <span class='ocrx_word' id='word_1_126' title='bbox 393 2070 487 2156; x_wconf 88' lang='lat' dir='ltr'><strong>haec,</strong></span> <span class='ocrx_word' id='word_1_127' title='bbox 509 2073 551 2160; x_wconf 91' lang='lat' dir='ltr'><strong>Q.</strong></span> <span class='ocrx_word' id='word_1_128' title='bbox 574 2070 685 2141; x_wconf 87' lang='lat' dir='ltr'><strong>Marci</strong></span> <span class='ocrx_word' id='word_1_129' title='bbox 704 2085 741 2141; x_wconf 91' lang='lat' dir='ltr'><strong>et</strong></span> <span class='ocrx_word' id='word_1_130' title='bbox 758 2076 797 2141; x_wconf 85' lang='grc' dir='ltr'><strong>Α.</strong></span> <span class='ocrx_word' id='word_1_131' title='bbox 820 2072 923 2157; x_wconf 83' lang='lat' dir='ltr'><strong>Atili,</strong></span> <span class='ocrx_word' id='word_1_132' title='bbox 944 2096 1023 2168; x_wconf 89' lang='lat' dir='ltr'><strong>quae</strong></span> <span class='ocrx_word' id='word_1_133' title='bbox 1042 2084 1105 2140; x_wconf 87' lang='lat' dir='ltr'><strong>aut</strong></span> <span class='ocrx_word' id='word_1_134' title='bbox 1122 2093 1142 2138; x_wconf 87' lang='lat' dir='ltr'><strong>a</strong></span> <span class='ocrx_word' id='word_1_135' title='bbox 1163 2091 1223 2136; x_wconf 87' lang='lat' dir='ltr'><strong>vo·</strong></span> <span class='ocrx_word' id='word_1_136' title='bbox 1248 2135 1250 2140; x_wconf 89' lang='lat'><em>.</em></span> 
     </span>
     <span class='ocr_line' id='line_1_17' title="bbox 161 2178 1226 2277; baseline -0.002 -29"><span class='ocrx_word' id='word_1_137' title='bbox 161 2213 178 2248; x_wconf 74' lang='lat' dir='ltr'><strong>a</strong></span> <span class='ocrx_word' id='word_1_138' title='bbox 191 2182 247 2253; x_wconf 87' lang='lat' dir='ltr'><strong>bis</strong></span> <span class='ocrx_word' id='word_1_139' title='bbox 260 2181 422 2277; x_wconf 88' lang='lat' dir='ltr'><strong>objecta,</strong></span> <span class='ocrx_word' id='word_1_140' title='bbox 444 2194 506 2250; x_wconf 91' lang='lat' dir='ltr'><strong>aut</strong></span> <span class='ocrx_word' id='word_1_141' title='bbox 527 2194 678 2277; x_wconf 87' lang='lat' dir='ltr'><strong>purgata</strong></span> <span class='ocrx_word' id='word_1_142' title='bbox 700 2206 719 2251; x_wconf 90' lang='lat' dir='ltr'><strong>a</strong></span> <span class='ocrx_word' id='word_1_143' title='bbox 740 2205 798 2251; x_wconf 91' lang='lat' dir='ltr'><strong>me</strong></span> <span class='ocrx_word' id='word_1_144' title='bbox 817 2196 920 2268; x_wconf 90' lang='lat' dir='ltr'><strong>sunt,</strong></span> <span class='ocrx_word' id='word_1_145' title='bbox 941 2181 1024 2251; x_wconf 90' lang='lat' dir='ltr'><strong>talia</strong></span> <span class='ocrx_word' id='word_1_146' title='bbox 1041 2204 1117 2251; x_wconf 91' lang='lat' dir='ltr'><strong>esse</strong></span> <span class='ocrx_word' id='word_1_147' title='bbox 1133 2178 1226 2264; x_wconf 90' lang='lat' dir='ltr'><strong>scio,</strong></span> 
     </span>
     <span class='ocr_line' id='line_1_18' title="bbox 162 2290 1227 2379; baseline -0.007 -16"><span class='ocrx_word' id='word_1_148' title='bbox 162 2308 380 2379; x_wconf 76' lang='lat' dir='ltr'><strong>«maures,</strong></span> <span class='ocrx_word' id='word_1_149' title='bbox 403 2304 444 2360; x_wconf 93' lang='lat' dir='ltr'><strong>ut</strong></span> <span class='ocrx_word' id='word_1_150' title='bbox 473 2290 582 2360; x_wconf 89' lang='lat' dir='ltr'><strong>animi</strong></span> <span class='ocrx_word' id='word_1_151' title='bbox 610 2290 834 2362; x_wconf 90' lang='lat' dir='ltr'><strong>audientium</strong></span> <span class='ocrx_word' id='word_1_152' title='bbox 861 2293 960 2361; x_wconf 90' lang='lat' dir='ltr'><strong>sint:</strong></span> <span class='ocrx_word' id='word_1_153' title='bbox 989 2305 1148 2360; x_wconf 86' lang='lat' dir='ltr'><strong>nectam</strong></span> <span class='ocrx_word' id='word_1_154' title='bbox 1171 2312 1227 2357; x_wconf 93' lang='lat' dir='ltr'><strong>re-</strong></span> 
     </span>
     <span class='ocr_line' id='line_1_19' title="bbox 163 2397 1322 2498; baseline 0 -31"><span class='ocrx_word' id='word_1_155' title='bbox 163 2400 306 2484; x_wconf 79' lang='lat' dir='ltr'><strong>«ferre,</strong></span> <span class='ocrx_word' id='word_1_156' title='bbox 321 2399 410 2498; x_wconf 93' lang='lat' dir='ltr'><strong>quid</strong></span> <span class='ocrx_word' id='word_1_157' title='bbox 425 2424 511 2497; x_wconf 86' lang='lat' dir='ltr'><strong>ege,</strong></span> <span class='ocrx_word' id='word_1_158' title='bbox 530 2413 592 2469; x_wconf 90' lang='lat' dir='ltr'><strong>aut</strong></span> <span class='ocrx_word' id='word_1_159' title='bbox 606 2424 677 2495; x_wconf 93' lang='lat' dir='ltr'><strong>qua</strong></span> <span class='ocrx_word' id='word_1_160' title='bbox 690 2415 812 2470; x_wconf 88' lang='lat' dir='ltr'><strong>mente</strong></span> <span class='ocrx_word' id='word_1_161' title='bbox 826 2397 992 2487; x_wconf 86' lang='lat' dir='ltr'><strong>fecerim,</strong></span> <span class='ocrx_word' id='word_1_162' title='bbox 1007 2425 1117 2496; x_wconf 91' lang='lat' dir='ltr'><strong>quam</strong></span> <span class='ocrx_word' id='word_1_163' title='bbox 1132 2423 1225 2496; x_wconf 92' lang='lat' dir='ltr'><strong>quo·</strong></span> <span class='ocrx_word' id='word_1_164' title='bbox 1320 2477 1322 2482; x_wconf 45' lang='grc'>,</span> 
     </span>
     <span class='ocr_line' id='line_1_20' title="bbox 164 2507 1331 2608; baseline 0.002 -31"><span class='ocrx_word' id='word_1_165' title='bbox 164 2512 302 2582; x_wconf 84' lang='lat' dir='ltr'><strong>«modo</strong></span> <span class='ocrx_word' id='word_1_166' title='bbox 322 2510 360 2581; x_wconf 88' lang='lat' dir='ltr'><strong>id</strong></span> <span class='ocrx_word' id='word_1_167' title='bbox 380 2535 443 2581; x_wconf 91' lang='lat' dir='ltr'><strong>vos</strong></span> <span class='ocrx_word' id='word_1_168' title='bbox 463 2507 597 2580; x_wconf 87' lang='lat' dir='ltr'><strong>factum</strong></span> <span class='ocrx_word' id='word_1_169' title='bbox 619 2511 808 2608; x_wconf 89' lang='lat' dir='ltr'><strong>accipiatis.</strong></span> <span class='ocrx_word' id='word_1_170' title='bbox 832 2513 1004 2582; x_wconf 88' lang='lat' dir='ltr'><strong>Conscius</strong></span> <span class='ocrx_word' id='word_1_171' title='bbox 1021 2510 1109 2580; x_wconf 90' lang='lat' dir='ltr'><strong>mihi</strong></span> <span class='ocrx_word' id='word_1_172' title='bbox 1129 2535 1226 2598; x_wconf 89' lang='lat' dir='ltr'><strong>sum,</strong></span> <span class='ocrx_word' id='word_1_173' title='bbox 1330 2509 1331 2512; x_wconf 63' lang='grc'>’</span> 
     </span>
     <span class='ocr_line' id='line_1_21' title="bbox 164 2619 1228 2717; baseline 0.002 -31"><span class='ocrx_word' id='word_1_174' title='bbox 164 2621 283 2693; x_wconf 86' lang='lat' dir='ltr'><strong>«nihil</strong></span> <span class='ocrx_word' id='word_1_175' title='bbox 297 2646 355 2692; x_wconf 92' lang='lat' dir='ltr'><strong>me</strong></span> <span class='ocrx_word' id='word_1_176' title='bbox 372 2622 543 2692; x_wconf 92' lang='lat' dir='ltr'><strong>scientem</strong></span> <span class='ocrx_word' id='word_1_177' title='bbox 558 2619 769 2717; x_wconf 76' lang='lat' dir='ltr'><strong>deliquisse,</strong></span> <span class='ocrx_word' id='word_1_178' title='bbox 789 2635 843 2708; x_wconf 90' lang='lat' dir='ltr'><strong>et,</strong></span> <span class='ocrx_word' id='word_1_179' title='bbox 858 2622 886 2692; x_wconf 91' lang='lat' dir='ltr'><strong>si</strong></span> <span class='ocrx_word' id='word_1_180' title='bbox 901 2621 989 2717; x_wconf 92' lang='lat' dir='ltr'><strong>quid</strong></span> <span class='ocrx_word' id='word_1_181' title='bbox 1004 2619 1149 2692; x_wconf 85' lang='lat' dir='ltr'><strong>fecerim</strong></span> <span class='ocrx_word' id='word_1_182' title='bbox 1165 2621 1228 2688; x_wconf 89' lang='lat' dir='ltr'><strong>im-</strong></span> 
     </span>
     <span class='ocr_line' id='line_1_22' title="bbox 165 2730 1230 2833; baseline 0.002 -35"><span class='ocrx_word' id='word_1_183' title='bbox 165 2732 389 2833; x_wconf 79' lang='lat' dir='ltr'><strong>«prudentia</strong></span> <span class='ocrx_word' id='word_1_184' title='bbox 411 2731 553 2829; x_wconf 83' lang='lat' dir='ltr'><strong>lapsus,</strong></span> <span class='ocrx_word' id='word_1_185' title='bbox 580 2730 710 2829; x_wconf 84' lang='lat' dir='ltr'><strong>corrigi</strong></span> <span class='ocrx_word' id='word_1_186' title='bbox 738 2756 795 2802; x_wconf 91' lang='lat' dir='ltr'><strong>me</strong></span> <span class='ocrx_word' id='word_1_187' title='bbox 820 2746 856 2803; x_wconf 92' lang='lat' dir='ltr'><strong>et</strong></span> <span class='ocrx_word' id='word_1_188' title='bbox 878 2731 1061 2802; x_wconf 88' lang='lat' dir='ltr'><strong>emendari</strong></span> <span class='ocrx_word' id='word_1_189' title='bbox 1083 2732 1230 2827; x_wconf 87' lang='lat' dir='ltr'><strong>castiga-</strong></span> 
     </span>
     <span class='ocr_line' id='line_1_23' title="bbox 147 2839 1231 2938; baseline 0.002 -30"><span class='ocrx_word' id='word_1_190' title='bbox 147 2845 295 2914; x_wconf 70' lang='lat' dir='ltr'><strong>&#39;etione</strong></span> <span class='ocrx_word' id='word_1_191' title='bbox 321 2841 388 2912; x_wconf 91' lang='lat' dir='ltr'><strong>hac</strong></span> <span class='ocrx_word' id='word_1_192' title='bbox 412 2855 528 2938; x_wconf 89' lang='lat' dir='ltr'><strong>posse.</strong></span> <span class='ocrx_word' id='word_1_193' title='bbox 557 2839 652 2912; x_wconf 88' lang='lat' dir='ltr'><strong>Nihil</strong></span> <span class='ocrx_word' id='word_1_194' title='bbox 678 2856 774 2912; x_wconf 89' lang='lat' dir='ltr'><strong>certe</strong></span> <span class='ocrx_word' id='word_1_195' title='bbox 798 2841 1015 2928; x_wconf 84' lang='lat' dir='ltr'><strong>insanabile,</strong></span> <span class='ocrx_word' id='word_1_196' title='bbox 1039 2865 1106 2911; x_wconf 91' lang='lat' dir='ltr'><strong>nec</strong></span> <span class='ocrx_word' id='word_1_197' title='bbox 1130 2839 1231 2936; x_wconf 91' lang='lat' dir='ltr'><strong>quod</strong></span> 
     </span>
     <span class='ocr_line' id='line_1_24' title="bbox 168 2950 1232 3047; baseline 0.002 -30"><span class='ocrx_word' id='word_1_198' title='bbox 168 2951 294 3022; x_wconf 85' lang='lat' dir='ltr'><strong>«bello</strong></span> <span class='ocrx_word' id='word_1_199' title='bbox 316 2966 352 3020; x_wconf 92' lang='lat' dir='ltr'><strong>et</strong></span> <span class='ocrx_word' id='word_1_200' title='bbox 372 2950 479 3019; x_wconf 90' lang='lat' dir='ltr'><strong>armis</strong></span> <span class='ocrx_word' id='word_1_201' title='bbox 501 2950 794 3047; x_wconf 90' lang='lat' dir='ltr'><strong>persequendum</strong></span> <span class='ocrx_word' id='word_1_202' title='bbox 819 2977 895 3023; x_wconf 91' lang='lat' dir='ltr'><strong>esse</strong></span> <span class='ocrx_word' id='word_1_203' title='bbox 918 2952 1108 3038; x_wconf 85' lang='lat' dir='ltr'><strong>censeatis,</strong></span> <span class='ocrx_word' id='word_1_204' title='bbox 1132 2975 1232 3020; x_wconf 90' lang='lat' dir='ltr'><strong>eom-</strong></span> 
     </span>
     <span class='ocr_line' id='line_1_25' title="bbox 168 3057 1233 3157; baseline 0.003 -30"><span class='ocrx_word' id='word_1_205' title='bbox 168 3094 184 3127; x_wconf 79' lang='lat'>«</span> <span class='ocrx_word' id='word_1_206' title='bbox 199 3062 301 3132; x_wconf 87' lang='lat' dir='ltr'><strong>misi:</strong></span> <span class='ocrx_word' id='word_1_207' title='bbox 321 3074 358 3130; x_wconf 93' lang='lat' dir='ltr'><strong>at</strong></span> <span class='ocrx_word' id='word_1_208' title='bbox 372 3057 502 3131; x_wconf 85' lang='lat' dir='ltr'><strong>frustra</strong></span> <span class='ocrx_word' id='word_1_209' title='bbox 519 3059 716 3132; x_wconf 90' lang='lat' dir='ltr'><strong>clementiae</strong></span> <span class='ocrx_word' id='word_1_210' title='bbox 730 3061 985 3157; x_wconf 86' lang='lat' dir='ltr'><strong>gravitatisque</strong></span> <span class='ocrx_word' id='word_1_211' title='bbox 1001 3075 1125 3130; x_wconf 87' lang='lat' dir='ltr'><strong>vestrae</strong></span> <span class='ocrx_word' id='word_1_212' title='bbox 1141 3059 1233 3130; x_wconf 87' lang='lat' dir='ltr'><strong>fama</strong></span> 
     </span>
     <span class='ocr_line' id='line_1_26' title="bbox 170 3168 1234 3268; baseline -0.002 -28"><span class='ocrx_word' id='word_1_213' title='bbox 170 3171 340 3268; x_wconf 76' lang='lat' dir='ltr'><strong>«vulgata</strong></span> <span class='ocrx_word' id='word_1_214' title='bbox 354 3195 419 3268; x_wconf 92' lang='lat' dir='ltr'><strong>per</strong></span> <span class='ocrx_word' id='word_1_215' title='bbox 435 3184 559 3268; x_wconf 84' lang='lat' dir='ltr'><strong>gentes</strong></span> <span class='ocrx_word' id='word_1_216' title='bbox 575 3185 649 3254; x_wconf 86' lang='lat' dir='ltr'><strong>est,</strong></span> <span class='ocrx_word' id='word_1_217' title='bbox 670 3171 699 3240; x_wconf 91' lang='lat' dir='ltr'><strong>si</strong></span> <span class='ocrx_word' id='word_1_218' title='bbox 715 3168 847 3240; x_wconf 90' lang='lat' dir='ltr'><strong>talibus</strong></span> <span class='ocrx_word' id='word_1_219' title='bbox 866 3171 910 3242; x_wconf 93' lang='lat' dir='ltr'><strong>de</strong></span> <span class='ocrx_word' id='word_1_220' title='bbox 932 3171 1063 3258; x_wconf 91' lang='lat' dir='ltr'><strong>causis,</strong></span> <span class='ocrx_word' id='word_1_221' title='bbox 1081 3195 1161 3266; x_wconf 88' lang='lat' dir='ltr'><strong>quae</strong></span> <span class='ocrx_word' id='word_1_222' title='bbox 1175 3171 1234 3239; x_wconf 84' lang='lat' dir='ltr'><strong>vix</strong></span> 
     </span>
     <span class='ocr_line' id='line_1_27' title="bbox 171 3278 1233 3380; baseline 0.002 -32"><span class='ocrx_word' id='word_1_223' title='bbox 171 3281 347 3380; x_wconf 77' lang='lat' dir='ltr'><strong>«querela</strong></span> <span class='ocrx_word' id='word_1_224' title='bbox 361 3295 398 3349; x_wconf 87' lang='lat' dir='ltr'><strong>et</strong></span> <span class='ocrx_word' id='word_1_225' title='bbox 414 3278 704 3377; x_wconf 86' lang='lat' dir='ltr'><strong>expostulatione</strong></span> <span class='ocrx_word' id='word_1_226' title='bbox 718 3279 832 3376; x_wconf 82' lang='lat' dir='ltr'><strong>dignae</strong></span> <span class='ocrx_word' id='word_1_227' title='bbox 847 3295 950 3367; x_wconf 87' lang='lat' dir='ltr'><strong>sunt,</strong></span> <span class='ocrx_word' id='word_1_228' title='bbox 970 3304 1069 3349; x_wconf 90' lang='lat' dir='ltr'><strong>arma</strong></span> <span class='ocrx_word' id='word_1_229' title='bbox 1090 3280 1233 3377; x_wconf 80' lang='lat' dir='ltr'><strong>capitiS,</strong></span> 
     </span>
     <span class='ocr_line' id='line_1_28' title="bbox 171 3387 832 3487; baseline 0.006 -30"><span class='ocrx_word' id='word_1_230' title='bbox 171 3407 239 3463; x_wconf 83' lang='lat' dir='ltr'><strong>«et</strong></span> <span class='ocrx_word' id='word_1_231' title='bbox 256 3390 400 3487; x_wconf 86' lang='lat' dir='ltr'><strong>regibus</strong></span> <span class='ocrx_word' id='word_1_232' title='bbox 420 3391 524 3461; x_wconf 90' lang='lat' dir='ltr'><strong>&#39;sociis</strong></span> <span class='ocrx_word' id='word_1_233' title='bbox 542 3387 637 3462; x_wconf 90' lang='lat' dir='ltr'><strong>bella</strong></span> <span class='ocrx_word' id='word_1_234' title='bbox 654 3388 793 3462; x_wconf 83' lang='lat' dir='ltr'><strong>infertis</strong></span> <span class='ocrx_word' id='word_1_235' title='bbox 806 3421 832 3460; x_wconf 85' lang='lat'><strong>».</strong></span> 
     </span>
     <span class='ocr_line' id='line_1_29' title="bbox 220 3500 1239 3575; baseline -0.003 -3"><span class='ocrx_word' id='word_1_236' title='bbox 220 3506 343 3572; x_wconf 87' lang='lat' dir='ltr'><strong>XLIII.</strong></span> <span class='ocrx_word' id='word_1_237' title='bbox 374 3506 457 3571; x_wconf 89' lang='lat' dir='ltr'><strong>Haec</strong></span> <span class='ocrx_word' id='word_1_238' title='bbox 485 3500 620 3570; x_wconf 91' lang='lat' dir='ltr'><strong>dicenti</strong></span> <span class='ocrx_word' id='word_1_239' title='bbox 646 3515 725 3575; x_wconf 92' lang='lat' dir='ltr'><strong>tum</strong></span> <span class='ocrx_word' id='word_1_240' title='bbox 748 3525 912 3572; x_wconf 88' lang='lat' dir='ltr'><strong>assensus</strong></span> <span class='ocrx_word' id='word_1_241' title='bbox 936 3502 1090 3571; x_wconf 85' lang='lat' dir='ltr'><strong>Marcius</strong></span> <span class='ocrx_word' id='word_1_242' title='bbox 1113 3516 1239 3571; x_wconf 90' lang='lat' dir='ltr'><strong>auctor</strong></span> 
     </span>
    </p>
   </div>
   <div class='ocr_carea' id='block_1_3' title="bbox 98 3686 1244 4227">
    <p class='ocr_par' dir='ltr' id='par_1_3' title="bbox 173 3686 1238 3832">
     <span class='ocr_line' id='line_1_30' title="bbox 173 3686 1238 3752; baseline -0.002 -16"><span class='ocrx_word' id='word_1_243' title='bbox 173 3715 207 3726; x_wconf 85' lang='lat'>-</span> <span class='ocrx_word' id='word_1_244' title='bbox 220 3687 413 3752; x_wconf 74' lang='lat' dir='ltr'><strong>Disceptatores,</strong></span> <span class='ocrx_word' id='word_1_245' title='bbox 425 3697 471 3734; x_wconf 84' lang='lat' dir='ltr'><strong>etc.</strong></span> <span class='ocrx_word' id='word_1_246' title='bbox 483 3687 539 3734; x_wconf 84' lang='lat' dir='ltr'><strong>vide</strong></span> <span class='ocrx_word' id='word_1_247' title='bbox 553 3686 683 3747; x_wconf 76' lang='lat' dir='ltr'><strong>ad1,50‚</strong></span> <span class='ocrx_word' id='word_1_248' title='bbox 728 3690 866 3750; x_wconf 84' lang='lat' dir='ltr'><strong>XXXVII,</strong></span> <span class='ocrx_word' id='word_1_249' title='bbox 883 3689 916 3744; x_wconf 62' lang='lat'><strong>45</strong></span> <span class='ocrx_word' id='word_1_250' title='bbox 923 3724 930 3746; x_wconf 97' lang='lat'><strong>,</strong></span> <span class='ocrx_word' id='word_1_251' title='bbox 951 3689 997 3745; x_wconf 80' lang='lat'><strong>55;</strong></span> <span class='ocrx_word' id='word_1_252' title='bbox 1017 3689 1169 3745; x_wconf 77' lang='lat' dir='ltr'><strong>XXXVIII,</strong></span> <span class='ocrx_word' id='word_1_253' title='bbox 1190 3689 1238 3744; x_wconf 82' lang='lat'><strong>38,</strong></span> 
     </span>
     <span class='ocr_line' id='line_1_31' title="bbox 174 3766 1238 3832; baseline -0.001 -17"><span class='ocrx_word' id='word_1_254' title='bbox 174 3779 226 3816; x_wconf 88' lang='lat' dir='ltr'><strong>not.</strong></span> <span class='ocrx_word' id='word_1_255' title='bbox 241 3767 265 3814; x_wconf 82' lang='grc'><strong>5.</strong></span> <span class='ocrx_word' id='word_1_256' title='bbox 728 3777 752 3814; x_wconf 87' lang='lat' dir='ltr'><strong>et</strong></span> <span class='ocrx_word' id='word_1_257' title='bbox 763 3767 808 3815; x_wconf 85' lang='lat' dir='ltr'><strong>ins.</strong></span> <span class='ocrx_word' id='word_1_258' title='bbox 817 3767 848 3814; x_wconf 80' lang='lat' dir='ltr'><strong>ad</strong></span> <span class='ocrx_word' id='word_1_259' title='bbox 859 3783 912 3832; x_wconf 84' lang='lat' dir='ltr'><strong>cap.</strong></span> <span class='ocrx_word' id='word_1_260' title='bbox 924 3768 956 3814; x_wconf 86' lang='lat'><strong>50</strong></span> <span class='ocrx_word' id='word_1_261' title='bbox 966 3801 972 3822; x_wconf 90' lang='lat'><strong>,</strong></span> <span class='ocrx_word' id='word_1_262' title='bbox 984 3783 1011 3814; x_wconf 91' lang='lat' dir='ltr'><strong>n.</strong></span> <span class='ocrx_word' id='word_1_263' title='bbox 1025 3769 1048 3817; x_wconf 82' lang='lat'><strong>3.</strong></span> <span class='ocrx_word' id='word_1_264' title='bbox 1058 3793 1093 3802; x_wconf 91' lang='lat'>-</span> <span class='ocrx_word' id='word_1_265' title='bbox 1103 3766 1238 3832; x_wconf 77' lang='lat' dir='ltr'><strong>Atsrustra</strong></span> 
     </span>
    </p>

    <p class='ocr_par' dir='ltr' id='par_1_4' title="bbox 98 3833 1244 4227">
     <span class='ocr_line' id='line_1_32' title="bbox 211 3833 1239 3909; baseline 0.001 -16"><span class='ocrx_word' id='word_1_266' title='bbox 211 3853 235 3900; x_wconf 74' lang='grc'><strong>4.</strong></span> <span class='ocrx_word' id='word_1_267' title='bbox 245 3845 427 3909; x_wconf 70' lang='lat' dir='ltr'><strong>Cir-comagena</strong></span> <span class='ocrx_word' id='word_1_268' title='bbox 438 3841 477 3891; x_wconf 75' lang='lat' dir='ltr'><strong>hic</strong></span> <span class='ocrx_word' id='word_1_269' title='bbox 491 3844 556 3892; x_wconf 81' lang='lat' dir='ltr'><strong>orbis</strong></span> <span class='ocrx_word' id='word_1_270' title='bbox 566 3845 636 3909; x_wconf 83' lang='lat' dir='ltr'><strong>quasi</strong></span> <span class='ocrx_word' id='word_1_271' title='bbox 649 3862 684 3894; x_wconf 82' lang='lat' dir='ltr'><strong>re·</strong></span> <span class='ocrx_word' id='word_1_272' title='bbox 729 3845 878 3902; x_wconf 76' lang='lat' dir='ltr'><strong>clementia,</strong></span> <span class='ocrx_word' id='word_1_273' title='bbox 893 3833 942 3894; x_wconf 82' lang='lat' dir='ltr'><strong>etc.</strong></span> <span class='ocrx_word' id='word_1_274' title='bbox 960 3847 1049 3908; x_wconf 85' lang='lat' dir='ltr'><strong>junge:</strong></span> <span class='ocrx_word' id='word_1_275' title='bbox 1068 3857 1096 3892; x_wconf 86' lang='lat' dir='ltr'><strong>at</strong></span> <span class='ocrx_word' id='word_1_276' title='bbox 1112 3845 1134 3892; x_wconf 82' lang='lat' dir='ltr'><strong>si</strong></span> <span class='ocrx_word' id='word_1_277' title='bbox 1152 3846 1239 3894; x_wconf 83' lang='lat' dir='ltr'><strong>talibus</strong></span> 
     </span>
     <span class='ocr_line' id='line_1_33' title="bbox 175 3922 1244 3986; baseline 0 -15"><span class='ocrx_word' id='word_1_278' title='bbox 175 3939 243 3981; x_wconf 82' lang='lat' dir='ltr'><strong>rum3</strong></span> <span class='ocrx_word' id='word_1_279' title='bbox 254 3939 314 3971; x_wconf 85' lang='lat' dir='ltr'><strong>mox</strong></span> <span class='ocrx_word' id='word_1_280' title='bbox 326 3922 487 3970; x_wconf 85' lang='lat' dir='ltr'><strong>mutabuntur</strong></span> <span class='ocrx_word' id='word_1_281' title='bbox 497 3923 592 3982; x_wconf 80' lang='lat' dir='ltr'><strong>omnia,</strong></span> <span class='ocrx_word' id='word_1_282' title='bbox 601 3925 640 3971; x_wconf 85' lang='lat' dir='ltr'><strong>vel</strong></span> <span class='ocrx_word' id='word_1_283' title='bbox 649 3941 686 3972; x_wconf 83' lang='lat' dir='ltr'><strong>res</strong></span> <span class='ocrx_word' id='word_1_284' title='bbox 730 3924 761 3970; x_wconf 85' lang='lat' dir='ltr'><strong>de</strong></span> <span class='ocrx_word' id='word_1_285' title='bbox 774 3923 893 3971; x_wconf 82' lang='lat' dir='ltr'><strong>causis...</strong></span> <span class='ocrx_word' id='word_1_286' title='bbox 913 3941 984 3970; x_wconf 83' lang='lat' dir='ltr'><strong>arma</strong></span> <span class='ocrx_word' id='word_1_287' title='bbox 998 3922 1085 3986; x_wconf 85' lang='lat' dir='ltr'><strong>capitis</strong></span> <span class='ocrx_word' id='word_1_288' title='bbox 1099 3936 1124 3970; x_wconf 82' lang='lat' dir='ltr'><strong>er</strong></span> <span class='ocrx_word' id='word_1_289' title='bbox 1134 3925 1221 3973; x_wconf 81' lang='lat' dir='ltr'><strong>bella..</strong></span> <span class='ocrx_word' id='word_1_290' title='bbox 1230 3961 1244 3977; x_wconf 77' lang='grc'><strong>.,</strong></span> 
     </span>
     <span class='ocr_line' id='line_1_34' title="bbox 176 4000 1240 4068; baseline 0.002 -18"><span class='ocrx_word' id='word_1_291' title='bbox 176 4003 277 4050; x_wconf 76' lang='lat' dir='ltr'><strong>GraecIae</strong></span> <span class='ocrx_word' id='word_1_292' title='bbox 295 4015 318 4050; x_wconf 85' lang='lat' dir='ltr'><strong>et</strong></span> <span class='ocrx_word' id='word_1_293' title='bbox 334 4000 456 4052; x_wconf 84' lang='lat' dir='ltr'><strong>seclorum</strong></span> <span class='ocrx_word' id='word_1_294' title='bbox 471 4013 615 4050; x_wconf 84' lang='lat' dir='ltr'><strong>vestrorum.</strong></span> <span class='ocrx_word' id='word_1_295' title='bbox 628 4003 686 4052; x_wconf 86' lang='lat' dir='ltr'><strong>Vid.</strong></span> <span class='ocrx_word' id='word_1_296' title='bbox 732 4000 836 4068; x_wconf 74' lang='lat' dir='ltr'><strong>infimis,</strong></span> <span class='ocrx_word' id='word_1_297' title='bbox 844 4003 961 4068; x_wconf 68' lang='lat' dir='ltr'><strong>frustra,</strong></span> <span class='ocrx_word' id='word_1_298' title='bbox 974 4014 1022 4050; x_wconf 85' lang='lat' dir='ltr'><strong>etc.</strong></span> <span class='ocrx_word' id='word_1_299' title='bbox 1034 4013 1057 4050; x_wconf 88' lang='lat' dir='ltr'><strong>et</strong></span> <span class='ocrx_word' id='word_1_300' title='bbox 1070 4002 1162 4064; x_wconf 84' lang='lat' dir='ltr'><strong>sic‚ait</strong></span> <span class='ocrx_word' id='word_1_301' title='bbox 1175 4005 1240 4052; x_wconf 87' lang='lat' dir='ltr'><strong>Doe-</strong></span> 
     </span>
     <span class='ocr_line' id='line_1_35' title="bbox 177 4081 1241 4147; baseline 0.002 -17"><span class='ocrx_word' id='word_1_302' title='bbox 177 4098 248 4146; x_wconf 78' lang='lat' dir='ltr'><strong>supre</strong></span> <span class='ocrx_word' id='word_1_303' title='bbox 263 4083 312 4138; x_wconf 86' lang='lat'><strong>111,</strong></span> <span class='ocrx_word' id='word_1_304' title='bbox 331 4097 360 4128; x_wconf 87' lang='lat'><strong>10</strong></span> <span class='ocrx_word' id='word_1_305' title='bbox 370 4099 409 4139; x_wconf 90' lang='lat' dir='ltr'><strong>,n.</strong></span> <span class='ocrx_word' id='word_1_306' title='bbox 423 4081 687 4147; x_wconf 57' lang='lat' dir='ltr'><strong>&amp;hm-Antiochum</strong></span> <span class='ocrx_word' id='word_1_307' title='bbox 732 4082 808 4146; x_wconf 66' lang='lat' dir='ltr'><strong>ung„</strong></span> <span class='ocrx_word' id='word_1_308' title='bbox 819 4083 895 4145; x_wconf 83' lang='lat' dir='ltr'><strong>magis</strong></span> <span class='ocrx_word' id='word_1_309' title='bbox 906 4081 986 4144; x_wconf 82' lang='lat' dir='ltr'><strong>placet</strong></span> <span class='ocrx_word' id='word_1_310' title='bbox 995 4093 1023 4128; x_wconf 86' lang='lat' dir='ltr'><strong>at</strong></span> <span class='ocrx_word' id='word_1_311' title='bbox 1033 4085 1107 4145; x_wconf 79' lang='lat' dir='ltr'><strong>quani</strong></span> <span class='ocrx_word' id='word_1_312' title='bbox 1113 4093 1165 4139; x_wconf 82' lang='lat' dir='ltr'><strong>aut,</strong></span> <span class='ocrx_word' id='word_1_313' title='bbox 1173 4084 1241 4146; x_wconf 86' lang='lat' dir='ltr'><strong>qnod</strong></span> 
     </span>
     <span class='ocr_line' id='line_1_36' title="bbox 98 4159 1241 4227; baseline 0.002 -19"><span class='ocrx_word' id='word_1_314' title='bbox 98 4159 104 4170; x_wconf 88' lang='lat'><em>&#39;</em></span> <span class='ocrx_word' id='word_1_315' title='bbox 178 4162 243 4209; x_wconf 79' lang='lat' dir='ltr'><strong>ultra</strong></span> <span class='ocrx_word' id='word_1_316' title='bbox 254 4159 319 4227; x_wconf 72' lang='lat' dir='ltr'><strong>juga</strong></span> <span class='ocrx_word' id='word_1_317' title='bbox 335 4161 411 4210; x_wconf 81' lang='lat' dir='ltr'><strong>Tauri</strong></span> <span class='ocrx_word' id='word_1_318' title='bbox 423 4172 559 4214; x_wconf 67' lang='lat' dir='ltr'><strong>remorante</strong></span> <span class='ocrx_word' id='word_1_319' title='bbox 574 4161 639 4210; x_wconf 82' lang='lat' dir='ltr'><strong>conf.</strong></span> <span class='ocrx_word' id='word_1_320' title='bbox 656 4161 687 4208; x_wconf 80' lang='lat' dir='ltr'><strong>ad</strong></span> <span class='ocrx_word' id='word_1_321' title='bbox 732 4161 956 4213; x_wconf 78' lang='lat' dir='ltr'><strong>eddGroncrev.</strong></span> <span class='ocrx_word' id='word_1_322' title='bbox 972 4172 995 4209; x_wconf 84' lang='lat' dir='ltr'><strong>et</strong></span> <span class='ocrx_word' id='word_1_323' title='bbox 1009 4159 1048 4211; x_wconf 83' lang='lat' dir='ltr'><strong>all.</strong></span> <span class='ocrx_word' id='word_1_324' title='bbox 1066 4161 1241 4215; x_wconf 76' lang='lat' dir='ltr'><strong>offeruntllo.</strong></span> 
     </span>
    </p>
   </div>
   <div class='ocr_carea' id='block_1_4' title="bbox 0 0 1525 4720">
    <p class='ocr_par' dir='ltr' id='par_1_5' title="bbox 0 0 1525 4720">
     <span class='ocr_line' id='line_1_37' title="bbox 0 0 1525 4720; baseline 0 0"><span class='ocrx_word' id='word_1_325' title='bbox 0 0 1525 4720; x_wconf 95' lang='lat' dir='ltr'><strong> </strong></span> 
     </span>
    </p>
   </div>
  </div>
 </body>
</html>
