2984 4706
249 364 275 400 Α.
289 360 313 399 G.
328 361 372 400 rte.

224 419 374 474 'nem
453 385 600 451 LIBER
629 388 765 454 XLIV.
793 387 899 454 CAP.
929 386 1089 453 XXVII.
1215 407 1284 478 219

222 501 330 573 dese
355 503 607 599 cogitandumt
633 499 781 578 fuisset}
807 505 954 604 quando
977 530 1096 601 neque
1122 529 1285 592 manere,

222 616 351 684 amissa
360 613 556 702 Thessalia,
571 616 669 688 unde
686 619 862 689 exercitus
878 615 1052 702 alebatur,
1067 617 1284 712 potuissent,

223 749 342 822 neque
368 727 558 823 progredi,
588 755 703 826 quum
731 757 774 800 ex
801 728 950 800 adverso
981 739 1093 798 castra
1116 727 1284 798 Macedo*

222 861 312 906 num
324 831 339 878 ⁵
352 837 406 906 ***.
427 840 499 928 Qui
518 863 559 909 ea
577 839 823 937 pependerant
840 863 923 935 spe,
942 836 1039 907 haud
1058 834 1286 906 mediocriter

222 945 431 1038 debilitavit.
451 948 586 1020 Eadem
608 950 751 1020 avaritia
769 950 940 1020 Gentium
962 968 1085 1043 regem
1108 942 1178 1015 sibi
1200 944 1285 1016 alie·

223 1059 330 1127 navit.
350 1061 442 1128 Nam
458 1083 571 1155 quum
590 1073 750 1130 trecenta
766 1059 899 1130 talenta
916 1056 1019 1127 Pettae
1034 1054 1146 1124 missis
1160 1077 1181 1122 a
1193 1056 1286 1124 Gen·

222 1167 274 1235 tio
301 1183 543 1251 numerasset,
568 1169 707 1265 signare
729 1193 792 1240 eos
819 1168 1009 1266 pecuniam
1034 1187 1166 1262 passus.
1195 1161 1284 1234 Inde

222 1274 346 1345 decem
361 1275 492 1346 talenta
505 1277 548 1346 ad
564 1277 808 1348 Pantauchum
824 1277 950 1359 missa,
967 1299 1081 1370 eaque
1097 1273 1285 1371 praesentia

223 1383 300 1454 dari
324 1387 398 1481 regi
420 1386 550 1478 jussit:
572 1387 749 1484 reliquam
773 1389 985 1486 pecuniam,
1012 1387 1183 1482 signatam
1205 1383 1287 1478 Illy·

222 1495 358 1566 riorum
380 1499 498 1594 signo,
518 1500 745 1600 portantibus
764 1502 835 1572 suis
853 1499 1032 1598 praecipit,
1050 1498 1168 1595 parvis
1186 1497 1286 1566 itine-

222 1602 323 1674 ribus
336 1606 530 1695 veherent3
545 1609 647 1697 dein,
662 1635 777 1707 quum
792 1610 836 1681 ad
851 1609 962 1680 finem
976 1606 1192 1677 Macedoniae
1207 1629 1289 1674 ven-

223 1729 303 1784 tum
319 1733 428 1804 esset,
448 1719 684 1793 subsisterent
701 1720 771 1808 ibi,
791 1745 830 1792 ac
851 1721 999 1790 nuntios
1021 1716 1066 1788 ab
1086 1741 1123 1786 se
1142 1716 1287 1813 opperi-

217 1841 360 1896 rentur.
378 1830 546 1919 Gentius,
563 1833 691 1929 exigua
709 1848 808 1929 parte
823 1832 984 1929 pecuniae
997 1840 1158 1925 accepta,
1173 1849 1288 1922 quum

224 1934 365 2006 assidue
391 1937 622 2011 Pantaucho⁶
651 1941 696 2012 ad
721 1940 945 2012 lacessendos
963 1938 1083 2009 hostili
1103 1935 1196 2006 sacto
1214 1941 1286 2006 Ro·

224 2067 352 2115 manos
379 2049 643 2138 stimularetur,
670 2055 717 2121 M.
747 2058 964 2149 Perpernam
991 2064 1027 2120 et
1046 2053 1086 2118 L.
1110 2045 1286 2120 Petillium

140 2198 142 2203 ·
223 2155 379 2250 legatos,
407 2160 472 2254 qui
496 2174 570 2230 tum
600 2161 693 2233 sorte
717 2161 762 2232 ad
788 2185 871 2234 eum
892 2175 1086 2247 venerant,
1106 2159 1144 2226 in
1165 2171 1286 2227 custo-

224 2264 318 2334 diam
339 2269 502 2362 conjecit.
524 2275 599 2341 Hoc
617 2272 757 2357 audito,
777 2277 947 2360 Perseus,
966 2270 1184 2342 contraxisse
1203 2291 1286 2338 eum

226 2379 475 2454 necessitates⁷
500 2395 598 2451 ratus
620 2380 665 2452 ad
690 2381 826 2454 bellum
848 2385 976 2479 utique
994 2405 1077 2453 cum
1095 2379 1286 2462 Romanis,

225 2622 289 2684 gitur
310 2639 396 2687 nempe
414 2639 504 2672 nomen
526 2641 539 2671 a
558 2626 731 2689 praepositione
775 2625 936 2688 legesiguare
950 2623 1238 2688 cospecuniampassas,
1251 2618 1287 2665 t'a·

224 2717 280 2764 quae
293 2702 369 2749 verbo
380 2703 494 2762 adjuncta
508 2715 552 2753 est.
565 2707 612 2754 Eo.
776 2705 807 2752 de
815 2705 898 2752 decem
911 2706 1006 2752 talenta
1017 2702 1053 2752 ad
1064 2705 1090 2748 Ρ.
1103 2699 1167 2748 misit
1171 2734 1179 2756 ,
1196 2711 1241 2746 etc.
1251 2723 1286 2732 -

261 2789 284 2835 4.
297 2783 335 2826 De
347 2797 372 2828 se
384 2781 542 2846 cogitandum
549 2818 557 2840 ,
569 2785 633 2830 salus
643 2800 686 2830 sna
695 2801 731 2831 re-
780 2785 897 2830 Trecenta
915 2783 1008 2830 talenta
1031 2780 1106 2838 fiunt,
1124 2795 1155 2826 ex
1173 2787 1287 2840 supputa-

225 2859 364 2923 spicienda,
381 2859 403 2906 ei
421 2861 613 2920 consulendum,
626 2874 653 2910 ut
667 2862 733 2926 apud
776 2861 847 2908 tione
854 2861 974 2917 Creverii,
988 2875 1074 2907 marcae
1086 2857 1178 2920 argenti
1192 2865 1286 2902 noctra-

224 2939 276 2988 cic.
293 2939 355 2987 Bab.
376 2939 446 2987 Perd.
470 2955 514 2998 ro,
532 2940 563 2987 ed
579 2941 636 2990 Div.
656 2944 682 2996 I,
705 2957 732 3000 7,
776 2949 813 2986 tes
828 2939 1146 2999 28,125;deeem,rnarcae
1156 2935 1217 2996 937,
1230 2947 1286 2978 cunt

224 3033 250 3063 n.
264 3029 328 3077 7,et
337 3019 492 3077 11,8;caes.
502 3019 564 3068 Beli.
575 3020 667 3077 ctat,
682 3021 705 3067 5.
778 3018 857 3065 unciis
871 3026 898 3072 4.
912 3021 958 3066 En.

192 3155 194 3160 Ι
261 3095 284 3144 5.
298 3097 376 3158 Quum
390 3113 422 3143 ex
434 3097 534 3144 aduerso
550 3109 632 3146 castra
647 3101 732 3146 Mace·
813 3098 837 3143 6.
850 3098 929 3159 Quum
949 3094 1045 3142 assidue
1063 3091 1216 3144 Pantaucho,
1238 3099 1285 3137 etc.

225 3175 316 3221 donum
329 3186 417 3223 essent.
429 3177 486 3238 Quo
497 3175 562 3224 facto
574 3177 674 3223 Perseus
682 3179 733 3226 lto-
778 3176 841 3224 sorte
850 3193 866 3222 a
877 3173 1027 3224 Pantaucho.
1039 3173 1087 3221 Sed
1095 3172 1151 3218 vide
1161 3169 1191 3218 ad
1197 3171 1227 3228 V,
1240 3185 1268 3216 ra
1280 3201 1300 3227 ,ν

225 3269 350 3301 manorum
360 3255 454 3302 animos
467 3253 634 3317 confirmavit,
644 3267 667 3302 et
679 3256 732 3303 Ma·
777 3269 802 3300 n.
814 3255 911 3302 5.--M.
925 3255 1072 3316 Perpernam
1086 3262 1110 3297 et
1122 3253 1149 3298 L.
1164 3249 1285 3295 Petillium

225 3333 348 3380 redonum
357 3368 363 3390 ‚
380 3332 424 3396 qui
445 3349 475 3380 ea
492 3333 661 3396 pependerant
673 3351 729 3398 spe,
778 3335 869 3400 legatos
879 3337 1059 3394 Romanorum,
1069 3331 1113 3396 qui
1121 3328 1243 3394 tumsorte
1251 3327 1288 3375 ad

224 3423 270 3460 ete.
292 3411 332 3458 itta
353 3411 471 3459 similiare
486 3413 558 3460 verba
577 3413 731 3474 exciderunt,
777 3430 831 3461 eum
848 3414 1012 3464 venerantde
1027 3430 1054 3460 ea
1071 3427 1097 3458 re
1115 3420 1238 3474 questum,
1260 3408 1286 3455 iu

224 3491 280 3553 quia
292 3490 418 3549 librarius,
432 3492 457 3537 in
474 3507 580 3540 errorem
595 3491 732 3540 inductura
777 3493 913 3541 custodiam
926 3494 1039 3559 conjecit,
1054 3490 1219 3555 exploratores
1230 3485 1287 3534 illos

206 3591 210 3603 .
225 3569 263 3616 bis
278 3571 357 3632 posita
372 3584 430 3616 voce
449 3571 625 3628 Macedonum,
640 3572 671 3619 ab
685 3587 733 3620 una
777 3588 829 3620 esse
844 3583 971 3631 causatus;
984 3574 1049 3620 com'.
1063 3570 1170 3634 Appian.
1189 3565 1285 3615 Maced·

225 3647 255 3694 ad
268 3647 379 3705 alteram,
396 3647 481 3695 mediis
494 3649 574 3698 verbis
590 3652 733 3713 preteritis,
778 3651 856 3709 tvl,
870 3661 922 3710 1,et
933 3651 1002 3715 illyr.
1013 3667 1042 3713 93
1054 3651 1117 3697 Plut.
1128 3646 1208 3694 AEmil.
1218 3645 1285 3692 Paul.

225 3726 334 3784 transiit;
344 3728 427 3790 Sigon.
438 3729 528 3775 Recte:
538 3728 581 3774 sed
591 3730 667 3776 aliena
682 3731 734 3792 Quo
778 3746 834 3794 pag.
848 3732 908 3777 261.
923 3731 1064 3798 Περπέννας
1079 3743 1104 3779 et
1117 3725 1236 3784 lierdieee‘
1248 3728 1307 3774 vel'

217 3800 304 3865 sacto,
325 3815 351 3853 et
363 3806 446 3869 potius
460 3805 579 3853 substitue
593 3824 641 3870 quo
655 3810 734 3874 negle-
779 3811 887 3868 Πετίλιος
900 3825 936 3873 gr.
949 3809 1071 3865 scribitur,
1084 3806 1210 3854 sedetiam
1220 3810 1286 3874 Πιρ-

225 3891 277 3938 eto,
294 3884 332 3930 vel
347 3899 402 3930 cum
417 3883 486 3930 Crer.
501 3894 567 3932 tanta
583 3887 709 3934 occasione
722 3905 735 3935 e
778 3891 868 3957 πέρνας
879 3903 905 3938 et
915 3889 1055 3950 neritinae,
1071 3899 1099 3936 nt
1109 3888 1134 3934 in
1144 3887 1248 3933 nummis
1260 3897 1286 3933 et

226 3960 336 4008 manibus
352 3962 460 4017 amissa;
473 3961 664 4026 Erebe-Quum
678 3967 737 4014 CCC
781 3969 853 4016 Fastis
867 3968 946 4031 Capit.
964 3969 1036 4016 Conf.
1056 3967 1130 4015 Drak.
1146 3967 1175 4014 ad
1189 3967 1214 4014 h.
1230 3967 1246 4014 l.
1261 3979 1285 4015 et

227 4039 322 4086 talenta
336 4041 411 4088 Pella·
422 4039 514 4097 missis,
525 4051 571 4088 etc.
582 4043 680 4109 ci‘eap.
692 4048 733 4102 23,
778 4051 859 4096 Graev.
874 4047 906 4094 ad
919 4048 970 4096 Cic.
982 4065 1007 4112 p.
1019 4049 1090 4097 Rose.
1101 4050 1170 4097 Com.
1188 4065 1209 4094 1.

226 4129 250 4164 et
264 4118 353 4184 Polyb.
367 4121 468 4179 xxtx,
481 4121 505 4168 3.
518 4119 581 4171 Mox
592 4137 646 4170 eum
657 4125 732 4173 Gron.
816 4145 837 4191 7.
862 4127 1017 4176 contraxisse
1041 4143 1094 4175 eum
1115 4127 1285 4180 necessitates,
