2982 4702
219 343 343 450 tntu:
435 364 589 432 alneu
621 344 744 433 xmi
772 361 876 432 etr.
902 364 1001 431 th.
1190 361 1258 434 103

191 509 257 558 sua
283 497 434 584 sponte,
461 507 509 554 ne
536 483 662 554 audaci
686 498 809 580 coepto
834 481 1018 571 deessent,
1047 484 1195 582 Hippias
1221 499 1258 556 et

189 602 371 670 Leonatus
388 596 519 694 raptim
540 593 783 682 adduxerant,
797 609 988 691 postquam
1006 617 1178 693 prospere
1192 619 1258 692 pu·
1324 613 1328 620 '

189 733 316 806 gnasse
327 707 487 804 equitem
496 719 723 804 acceperunt.
733 705 943 776 Fluctuante
952 729 1036 803 rege
1050 706 1144 776 inter
1155 699 1256 802 spem

188 833 403 914 metumque
434 831 540 888 tantae
566 816 619 888 rei
648 815 844 901 conaudae,
869 817 1048 886 Cretensis
1075 805 1257 901 Evander,

189 952 266 1025 quo
284 927 450 1028 ministro
470 924 620 1023 Delphis
640 924 686 997 ad
708 923 852 996 iusidias
865 927 1035 996 Eumenis
1055 927 1149 1021 regis
1169 950 1256 997 usus

189 1052 287 1125 erat,
312 1047 506 1134 postquam
538 1059 666 1132 agmen
692 1035 905 1132 impeditum
935 1037 1157 1108 venientium
1188 1035 1256 1108 sub

189 1149 321 1244 signist
346 1145 463 1232 vidit,
477 1145 523 1217 ad
543 1169 664 1242 regem
686 1146 858 1232 accurrit,
881 1160 918 1218 et
938 1161 1088 1216 monere
1108 1147 1256 1235 institit,

191 1281 238 1326 ne
257 1253 557 1346 elauufhlieitate
568 1267 749 1325 summum
763 1279 882 1325 rerum
899 1271 1029 1326 temere
1046 1262 1083 1326 in
1102 1259 1175 1328 non
1196 1273 1258 1329 rte·

189 1369 382 1434 cessarium
409 1363 529 1434 aleam
554 1363 667 1434 duret.
703 1367 743 1436 Si
765 1379 949 1434 contentus
972 1364 1063 1435 berte
1093 1391 1131 1436 re
1153 1385 1256 1463 gesta

188 1480 346 1572 quiesset
361 1497 404 1544 eo
421 1474 498 1562 die,
516 1471 692 1571 velpacis
711 1474 872 1545 honestae
892 1475 1129 1547 conditionem
1152 1478 1255 1548 taht-

187 1601 330 1669 turum,
358 1581 420 1654 uel
436 1581 617 1680 plurimos
643 1581 731 1652 belli
751 1589 887 1668 socios,
911 1573 976 1681 ¹qui
986 1586 1180 1674 fortunam
1200 1610 1255 1657 se·

187 1709 393 1792 querentur,
408 1698 442 1763 si
456 1691 590 1763 bellare
604 1690 739 1762 mallet.
754 1695 796 1761 ln
811 1692 883 1763 hoc
898 1687 1089 1762 consilium
1104 1695 1256 1791 pronior

187 1817 266 1874 erat
285 1804 424 1872 animus
446 1802 551 1898 regis.
565 1806 710 1897 Itaque,
730 1801 932 1872 collaudato
950 1793 1137 1891 Evandro,
1156 1807 1256 1902 signa

186 1912 335 2001 referri,
365 1911 601 2009 peditumque
629 1935 757 2010 agmen
784 1912 902 1983 redire
929 1914 967 1982 in
992 1917 1107 1984 'castra
1126 1913 1254 2008 jubet3

187 2021 371 2121 equitibus
389 2023 552 2120 receptui
570 2045 708 2092 castere.

185 2217 331 2281 supervenit,
342 2217 360 2267 i.
373 2235 395 2265 e.
409 2215 520 2264 nondum
538 2215 646 2280 receptui
659 2229 699 2263 ea·
743 2216 806 2278 regis
815 2227 873 2264 sunt
882 2215 1047 2274 adhortantis,
1058 2232 1109 2264 uon
1120 2217 1255 2284 scriptoris,

184 2313 244 2344 nere
253 2287 364 2358 jubenti,
383 2296 451 2362 quod
464 2295 539 2360 paulo
555 2306 613 2359 post
629 2295 700 2354 iecit3
744 2294 818 2342 verba
829 2317 849 2341 n.
862 2296 907 2342 En.

186 2375 286 2424 Crever.
311 2403 346 2414 -
365 2375 513 2423 Felicissime
537 2373 610 2422 nubis
632 2372 699 2420 hunc
778 2381 804 2428 t.
828 2375 923 2438 Agmen
944 2370 1085 2437 impeditum
1104 2371 1254 2425 venientium

185 2455 268 2508 locum
282 2454 421 2502 emendasse
437 2465 461 2502 st
473 2453 615 2518 explanasse
629 2451 699 2500 vide·
741 2451 786 2500 sub
805 2451 896 2516 signis,-
915 2451 1078 2516 phalangem,
1096 2469 1151 2518 qnae
1167 2472 1255 2519 oppor-

185 2545 227 2582 tur
242 2533 338 2582 Waleh.
359 2532 462 2582 Emend.
481 2533 535 2580 Liv.
554 2547 610 2596 pag.
637 2530 697 2577 261.
742 2543 799 2578 tuue
816 2530 868 2595 regi
884 2532 1045 2594 supervenisse
1058 2531 1156 2581 dieitur.
1172 2535 1255 2584 Scribe

184 2635 198 2655 a
210 2613 277 2660 Miro
290 2611 382 2670 modo,
400 2611 496 2675 Inquit,
508 2626 590 2658 seeum
603 2619 699 2673 pugnat
742 2625 831 2674 agmen
838 2609 964 2674 peditum,
977 2621 1004 2658 nt
1012 2626 1073 2659 mox
1084 2611 1187 2660 dicitur:
1197 2631 1254 2662 nam

185 2691 301 2755 scriptor,
312 2691 333 2738 si
346 2706 404 2738 sana
418 2701 476 2738 sunt
487 2688 568 2737 verba.
580 2691 646 2736 Dum
660 2687 698 2734 di·
741 2687 882 2751 impeditum
895 2704 984 2754 affluere
1002 2700 1051 2749 est,
1068 2691 1136 2754 quod
1149 2691 1254 2756 impedi-

184 2769 220 2818 oit
235 2785 311 2834 quum
327 2768 473 2816 debellatum
485 2779 547 2816 esset
562 2768 584 2815 si
591 2766 696 2830 partium
741 2778 822 2814 menta
830 2783 911 2816 seeum
917 2767 992 2816 habet
1000 2781 1026 2818 et
1035 2769 1081 2818 iter
1090 2770 1148 2818 fauit
1158 2784 1164 2818 ε
1175 2783 1200 2819 at
1211 2787 1254 2820 ex·

185 2847 317 2912 adjuusset
326 2863 385 2905 rex,
400 2847 503 2895 dubium
512 2862 593 2910 regem
607 2845 637 2892 de
645 2861 698 2892 sue·
740 2846 818 2911 pediti
825 2845 967 2910 adpugnam
974 2859 997 2894 et
1004 2847 1035 2895 ab
1043 2849 1097 2913 ipso
1103 2863 1160 2912 rege
1166 2849 1254 2899 insun-

185 2943 256 2974 oessn
265 2937 338 2974 tantae
349 2927 384 2973 rei
391 2925 510 2974 andendae
521 2924 639 2973 ostendit.
648 2924 695 2972 Cui
739 2925 774 2972 cti
786 2923 889 2982 eodem,
902 2913 952 2986 quo
965 2925 1089 2983 solebant,
1107 2926 1165 2974 loeo
1181 2937 1253 2977 stete·

184 3021 236 3068 quo
250 3005 348 3053 taudem
357 3006 433 3054 modo
445 3009 562 3054 convenit
572 3005 695 3065 adjectum
737 3014 793 3050 rant
798 3002 905 3066 peditem
914 3004 967 3049 Jao.
975 3005 1051 3051 Perit.
1058 3007 1251 3070 Recte,opinor;

183 3081 342 3140 adhortanti,
354 3084 421 3147 qnod
434 3085 524 3132 elausm
537 3079 622 3150 prodit
633 3083 694 3146 regis
737 3081 785 3128 nisi
802 3081 865 3128 forte
883 3080 990 3145 phalanx
1007 3082 1147 3147 impeditum
1164 3101 1252 3150 qaaere

183 3161 304 3221 animum,
314 3163 431 3211 etiosam
441 3163 620 3228 exsequendam
630 3178 695 3210 snm·
740 3161 791 3208 dici
812 3171 894 3224 potest
911 3160 1007 3209 ratione
1024 3178 1126 3227 pugnas,
1145 3179 1200 3228 quse
1217 3165 1252 3212 in·

113 3237 115 3244 ’
184 3257 285 3304 mopere
310 3241 451 3291 intentum?
474 3243 539 3290 vada
563 3242 698 3290 moliuntur
740 3239 820 3288 eunde
831 3250 964 3287 erat:nam
974 3239 1060 3288 mellor
1068 3241 1124 3301 illa,
1138 3242 1159 3290 si
1167 3247 1251 3308 pugna

183 3319 232 3368 viri
242 3319 323 3378 docti,
332 3331 361 3367 ut
378 3336 465 3369 vocem
476 3332 627 3386 pugnantem
642 3335 698 3366 oum
741 3319 838 3366 stataria
849 3319 1021 3378 committenda
1035 3319 1111 3380 foret,
1125 3331 1152 3370 nt
1165 3334 1250 3387 eontra

183 3399 279 3446 caeteris
294 3411 453 3466 componant.
471 3399 560 3451 Nullus
576 3398 640 3447 vidit
657 3397 698 3446 iiia
741 3398 873 3446 admodum
884 3397 1000 3462 impedita
1011 3401 1252 3464 propterlongitudi·

182 3477 300 3526 utendum
317 3495 367 3528 esse
379 3480 411 3528 ad
427 3479 553 3528 sententiae
564 3479 613 3526 rint
624 3477 695 3526 resti·
738 3493 795 3525 uem
810 3476 947 3535 hastarum,
963 3478 983 3524 si
999 3478 1056 3526 loeo
1068 3481 1161 3526 moveri
1173 3491 1198 3528 et
1211 3481 1250 3529 vel

182 3556 305 3605 tuendam.
318 3555 381 3606 Nam
392 3559 414 3606 si
422 3559 453 3607 ad
464 3575 532 3623 seqq.
545 3557 693 3614 attenderis,
739 3556 837 3612 cedere,
847 3552 886 3603 vel
896 3557 992 3609 uadenti
1002 3557 1067 3605 hosti
1077 3555 1167 3606 instare
1179 3558 1250 3607 dehe-

181 3635 294 3699 inprimis
307 3637 414 3685 Evandri
422 3653 516 3702 preces,
530 3653 560 3683 rte
572 3635 696 3700 eiattofe·
740 3647 791 3693 ret;
803 3633 878 3683 urat.
889 3635 945 3684 coil.
957 3637 1011 3693 IX,
1029 3651 1073 3697 ¹93
1084 3637 1188 3694 XXXI,
1201 3637 1247 3700 393

183 3708 275 3762 licitare
283 3731 403 3765 summam
412 3715 697 3764 teneminnounecessa·
741 3715 858 3771 XXXII,
875 3729 920 3774 ¹73
933 3716 1061 3771 XXXIII,
1074 3716 1104 3774 8,
1117 3730 1147 3776 93
1159 3717 1248 3777 XLIV,

181 3791 336 3841 domolenus
345 3795 425 3852 daret,
435 3809 487 3841 non
500 3793 623 3841 dubitabis
634 3794 696 3856 quin
741 3794 784 3853 37,
800 3802 840 3848 ts.
858 3819 894 3828 —
911 3795 1010 3839 Monere
1026 3792 1128 3850 institit;
1144 3794 1200 3842 vide
1217 3797 1248 3844 ad

183 3869 341 3920 scribendum
351 3872 397 3920 sit:
415 3887 489 3935 quum
501 3871 583 3918 tristor
592 3871 698 3936 equestri
740 3873 837 3930 xxtv,
851 3871 899 3928 26,
913 3887 939 3917 n.
958 3887 982 3931 7.
992 3897 1026 3906 -
1035 3873 1158 3919 Sumrnam
1168 3890 1249 3925 rerum

176 3949 267 4015 proelt'o
279 3966 325 3998 rece
332 3984 340 4007 ,
354 3965 451 4016 «paruo
462 3961 583 3997 momento
593 3949 616 3998 si
625 3947 696 4015 adju-
741 3950 766 3997 in
781 3950 862 3997 aleam
875 3950 946 3997 daret
951 3967 962 4007 ,·
971 3949 1028 3997 ride
1036 3950 1068 3997 ad
1076 3953 1115 3999 111
1125 3986 1132 4010 ,
1144 3952 1210 4012 5,n.
1223 3958 1250 4017 6,

182 4027 281 4086 sissent,
306 4028 454 4077 debellatum
471 4043 544 4076 esse»
564 4041 699 4093 opportune
741 4040 766 4076 et
777 4030 902 4089 XXVIII,
919 4036 965 4087 ta,
980 4043 1007 4076 n.
1026 4032 1249 4096 11.-Equitibus
1291 4081 1294 4088 ,

183 4105 331 4156 adhortanti
342 4107 477 4172 srqrerveuit
485 4097 699 4173 phaiaamlpsius
742 4107 848 4174 receptui
857 4123 960 4165 cauere,
974 4107 1027 4156 soil.
1041 4123 1094 4169 eos,
1106 4109 1210 4174 quorum
1222 4113 1249 4162 id
