2972 4720
253 419 299 505 34
681 421 717 486 T.
752 419 891 487 LIVII

251 545 396 610 romani
418 539 572 634 hospitio
600 539 677 631 ejus
707 545 761 608 uti
789 553 1005 622 assuessent,
1037 536 1167 634 quibus
1187 561 1311 608 eorum

252 655 327 747 ipse
343 654 556 747 scripsisset,
583 664 623 716 ut
644 673 826 718 uenenum
845 647 1008 717 dandum
1027 663 1176 716 curaret.
1203 650 1325 743 Cujus

241 764 341 829 scire
362 784 401 828 se
422 763 726 858 comparationem
740 757 943 854 plun'mum
960 754 1182 850 'dffcultatis
1198 772 1312 854 et‘pe·

251 869 356 939 riculi
380 866 535 952 habere,
562 867 728 964 pluribus
756 872 904 937 musciis
931 871 1146 963 comparari.
1172 871 1313 936 Eventu

237 1007 239 1010 ¹
247 995 426 1075 praeterea
444 983 575 1047 incerto
596 1001 691 1063 esse,
712 994 754 1047 at
767 993 834 1046 aut
848 982 936 1046 satis
957 973 1144 1072 ffcaeia³
1166 977 1220 1044 ad
1237 999 1312 1046 rem

242 1087 514 1183 peragendam,
540 1101 606 1155 aut
629 1102 706 1155 tuta
728 1085 781 1155 ad
799 1111 873 1156 rem
898 1084 1088 1155 celandam
1108 1085 1246 1173 dentur.
1263 1089 1314 1156 Sc

251 1196 440 1280 daturum,
459 1195 561 1291 quod
572 1220 637 1264 nec
653 1201 690 1263 in
710 1194 854 1280 dando,
875 1195 1099 1281 necdatum,
1120 1195 1193 1266 ullo
1212 1202 1312 1292 signo

251 1305 427 1403 deprendi
443 1321 573 1401 posset.
599 1305 803 1391 Rammius,
827 1307 1045 1391 veritusne,
1066 1303 1312 1387 si'abnuisset‚

250 1417 388 1512 primus
415 1417 491 1512 ipse
517 1415 648 1484 veneni
676 1415 961 1510 experimentum
995 1429 1104 1502 esset,
1135 1411 1313 1484 facmrum

250 1525 430 1622 pollicitus
449 1521 710 1622 proficiscitur3
734 1546 801 1593 nec
822 1522 1052 1594 Brundisium
1077 1533 1159 1592 ante
1175 1521 1314 1606 redire,

250 1661 358 1732 quam
379 1635 559 1706 convent‘o
576 1621 617 1702 C}
637 1632 806 1703 Valerios*
824 1631 958 1728 legate,
980 1633 1044 1728 qui
1064 1633 1156 1700 circa
1174 1631 1314 1702 Chalci-

250 1743 333 1815 dem
357 1767 434 1814 esse
458 1741 657 1828 dicebatur,
679 1741 806 1812 'voluit
831 1740 886 1811 Ad
906 1765 989 1811 eum
1006 1740 1164 1837 primum
1179 1741 1314 1812 indicio

250 1853 387 1937 delate,
402 1853 504 1946 jussu
521 1851 598 1944 ejus
612 1856 762 1922 Romam
778 1851 885 1922 simul
905 1851 1011 1921 venit.
1030 1848 1259 1923 Introductus
1276 1855 1312 1922 in
1375 1874 1377 1878 ’

245 1964 407 2047 curiam,
427 1984 507 2056 quae
526 1975 603 2030 acta
621 1976 742 2046 erant,
764 1965 939 2058 exposuit.
993 1997 995 2002 ·

237 2159 238 2162 Ἴ
296 2075 424 2142 XVIII.
448 2075 530 2140 Haec
552 2070 595 2140 ad
622 2094 682 2155 ea,
706 2093 786 2165 quae
810 2068 854 2140 ab
878 2069 1038 2142 Eumene
1052 2071 1175 2143 'delata
1195 2087 1314 2160 erant,

252 2207 450 2265 accessere,
474 2205 549 2278 quo
578 2181 751 2250 maturius
773 2180 884 2251 hostis
902 2184 1050 2252 Perseus
1074 2183 1312 2276 judiearetur3

233 2287 388 2388 'qqupe
405 2315 513 2387 quem
534 2275 610 2359 non
629 2289 766 2383 justum
784 2290 896 2361 modo
914 2313 1084 2388 apparare
1104 2291 1239 2363 bellum
1257 2317 1314 2362 re-

252 2403 311 2496 gio
329 2401 467 2488 enimc,
485 2398 547 2471 sed
565 2423 630 2496 per
648 2385 772 2469 omnia
785 2398 1005 2471 clandestina
1017 2403 1166 2497 grassari
1184 2401 1315 2472 scelera

253 2511 523 2581 latrociniorum
541 2532 582 2580 ac
594 2506 858 2588 ¹veneficiorum
876 2511 1080 2583 cernebant.
1102 2513 1187 2584 Belli
1206 2511 1315 2583 admi-

253 2621 414 2691 nistratio
434 2619 477 2690 ad
493 2620 610 2700 'novos
624 2619 791 2690 consules
806 2620 959 2714 rejecta¹
979 2637 1032 2692 est
1047 2647 1057 2690 t
1077 2624 1316 2720 inpraesentia

252 2745 373 2801 tamen
396 2735 462 2802 Cn.
489 2731 659 2800 Sicinium
683 2743 894 2825 praetorem,
923 2732 1026 2825 cujus
1048 2733 1141 2802 inter
1165 2732 1259 2802 ciues
1279 2743 1316 2801 et

254 2841 461 2939 peregrinos
485 2835 684 2934 jurisdictio
710 2855 805 2929 erat,
834 2840 989 2912 scribere
1011 2843 1140 2912 milites
1162 2841 1313 2938 placuit,
1367 2861 1370 2864 ·

254 2953 339 3047 qui,
358 2949 585 3020 Brundisium
602 2947 720 3037 ducti,
736 2950 857 3047 'primo
872 2976 1021 3048 quoque
1034 2966 1196 3048 tempore
1209 2948 1315 3047 Apul·

252 3062 384 3132 Ioniam
405 3062 441 3129 in
459 3061 608 3157 Epirum
632 3060 879 3154 trajicerentur
898 3061 943 3131 ad
967 3060 1193 3158 occupandas
1213 3061 1316 3130 mari·

252 3175 355 3242 timas
384 3169 514 3257 urbes,
545 3169 609 3240 ubi
637 3171 779 3260 consul,
809 3161 867 3242 cui
894 3171 1078 3268 provincia
1108 3170 1316 3240 Macedonia

256 3281 480 3366 obvenisset,
514 3279 660 3350 classem
692 3281 872 3377 appellere
905 3295 1008 3366 tuto,
1039 3293 1075 3348 et
1104 3277 1224 3373 copias
1249 3302 1317 3375 per

255 3481 351 3555 XIIIV,
361 3498 409 3554 26,
419 3513 447 3545 u.
463 3513 487 3558 7.
505 3523 539 3534 -·-
556 3498 628 3563 Cujus
639 3497 699 3545 scire
706 3489 760 3546 seſs.
842 3498 865 3543 3.
875 3497 927 3542 Aut
935 3493 994 3541 satis
1004 3494 1131 3561 efficacia,
1143 3507 1189 3544 etc.
1198 3495 1260 3544 forte
1267 3491 1316 3560 le'g.

256 3575 360 3632 habere,
369 3575 479 3639 pluribus
499 3575 599 3622 consciis
612 3575 760 3640 comparari,
806 3574 906 3641 efficax,
922 3583 1015 3630 catuna,
1028 3572 1117 3620 detur:
1127 3574 1209 3622 saltem
1218 3575 1314 3630 dolend,

255 3659 347 3704 Eventu
355 3666 487 3718 praterea,
499 3665 544 3702 cte.
552 3655 648 3702 Walch.
658 3654 760 3702 Emend.
805 3654 832 3703 τὸ
845 3668 895 3699 rem
905 3651 1040 3715 posteriore
1049 3653 1114 3712 loco;
1123 3655 1233 3702 Gronov.
1242 3670 1314 3717 quem

255 3730 306 3782 lav.
320 3751 374 3798 pag.
392 3750 454 3792 m,
467 3736 501 3781 sic
511 3733 678 3796 interpungit:
693 3735 760 3799 cujus
807 3747 859 3779 non
871 3730 995 3794 improbat
1007 3731 1129 3780 Drakenb.
1144 3732 1203 3781 coll.
1216 3733 1268 3782 cic.
1283 3733 1314 3780 de

256 3815 316 3860 scire
337 3831 387 3862 se...
410 3812 506 3862 habere.
532 3809 642 3859 Pluribus
664 3813 764 3860 cansciis
808 3811 1069 3882 Invcnt.11,3o.3En.

256 3892 410 3956 comparari5
430 3903 512 3940 eventu
518 3901 651 3954 praterea,
669 3894 763 3938 etc.1ta
843 3896 867 3944 4.
882 3891 960 3952 Quam
973 3901 1086 3938 convento
1099 3890 1126 3939 C.
1140 3880 1253 3947 Valerie,·
1262 3885 1314 3940 vid.

256 3970 359 4026 cennas,
373 3971 420 4032 ait,
430 3981 552 4032 praterea
569 3968 680 4032 ponitur,
694 3979 721 4016 ut
737 3969 763 4015 in
808 3970 898 4026 XXX,
912 3969 943 4024 43
955 4002 962 4026 ,
974 3985 998 4016 n.
1012 3977 1035 4025 4.

247 4047 378 4103 'membrm
399 4049 466 4110 quod
486 4048 620 4112 praecessit,
635 4047 762 4096 reticeatur
841 4049 899 4098 Car.
910 4049 1004 4098 xvm.
1017 4065 1040 4097 1.
1050 4046 1093 4094 Ad
1110 4044 1183 4098 aoros
1198 4063 1257 4116 pass.
1277 4065 1314 4094 re-

249 4125 395 4192 primal'u.
800 4126 885 4192 jactem
896 4124 993 4176 vidend
1002 4123 1134 4187 11,'22,n.
1149 4133 1173 4180 l.
