2984 4706
221 392 244 428 A.
258 391 281 428 C.
296 389 341 428 roa.

222 447 342 494 nm,
456 411 603 478 LIBER
631 409 740 475 XLV.
768 409 869 476 CAP.
890 410 974 474 VII.
1172 409 1240 504 275

192 543 401 627 rex·captus
424 531 460 598 in
485 545 595 600 castra
620 551 774 599 romana·
787 527 961 598 adductus
982 543 1084 615 erate
1098 545 1244 627 praetcr·

192 664 301 736 quam
323 639 423 735 quod
445 663 511 709 nec
529 663 612 720 sua,
633 661 701 708 nee
721 637 835 733 gentis
852 635 1245 734 fama-comparandus,

193 763 280 819 tunc
298 773 444 844 quoque
464 748 616 818 accessio
632 746 754 815 Punici
773 744 859 814 belli
874 743 1024 832 fueram,
1042 748 1247 820 sicutGen-

193 859 264 928 tius
282 857 514 928 Macedonici.
536 862 684 927 Perseus
704 869 810 951 caput
830 852 916 924 belli
936 869 1028 944 erat,
1047 879 1114 927 nec
1134 859 1248 956 ipsius

193 980 351 1054 tantum,
371 967 479 1063 patris
496 967 643 1062 avique,
662 989 753 1060 quos
772 965 944 1059 sauguine
961 987 1001 1034 ac
1017 989 1147 1061 genere
1166 991 1249 1038 con-

192 1075 373 1173 tingebat,
395 1073 488 1146 fama
509 1089 741 1171 conspectum
764 1098 846 1144 eum
868 1071 1070 1144 efficiebat³
1088 1101 1095 1142 :
1116 1075 1179 1146 sed
1200 1075 1248 1147 ef-

192 1186 377 1283 fulgebant
397 1187 579 1286 Philippus
598 1211 638 1256 ac
658 1191 810 1282 Magnus
827 1184 1044 1272 Alexander,
1065 1189 1130 1282 qui
1151 1211 1247 1258 sum-

191 1321 291 1366 mum
310 1297 500 1393 imperium
524 1298 562 1365 in
585 1294 674 1366 orbe
701 1309 875 1365 terrarum
899 1294 1136 1366 Macedonum
1157 1296 1248 1367 fece·

191 1419 280 1476 rant.
300 1404 403 1475 Pullo
425 1406 573 1475 amictus
593 1405 652 1475 ille
672 1410 819 1474 Perseus
839 1405 1018 1500 ingressus
1039 1420 1092 1475 est
1111 1422 1247 1492 castra,

191 1511 295 1581 nullo
319 1531 466 1582 suorum
491 1513 606 1584 aliove
629 1513 759 1584 comite
769 1515 797 1601 4,
820 1513 884 1607 qui
904 1514 1021 1584 socius
1040 1515 1248 1586 calamitatis

132 1607 140 1620 ⁸
190 1619 483 1692 miserabiliorem
502 1645 584 1692 eum
608 1619 749 1692 laceret.
770 1621 939 1718 Progredi
962 1646 1034 1718 prae
1056 1623 1162 1694 turba
1186 1649 1246 1696 oc·

225 1851 248 1882 a.
270 1837 335 1880 Tunc
357 1850 452 1900 quoque
477 1835 581 1882 accessio
609 1833 696 1882 Punici
737 1851 784 1900 pro
797 1835 838 1883 illo
852 1835 959 1898 reposuit
968 1835 1047 1899 pallio
1054 1871 1062 1893 ,
1078 1837 1146 1900 quod
1159 1838 1247 1901 reliqui

189 1911 246 1959 belli
256 1913 345 1979 suerat
352 1931 362 1969 ;
374 1913 430 1961 ride
445 1914 476 1960 ad
484 1915 547 1969 Vll,
562 1915 610 1971 30,
628 1929 653 1960 n.
670 1915 694 1960 3.
738 1907 842 1962 editores
854 1930 931 1977 usque
940 1914 1115 1978 adpostumam
1125 1915 1163 1962 ed.
1174 1918 1246 1963 Grut.

189 2014 201 2032 «ι
211 1991 317 2038 Verbum
321 1991 408 2056 ficerat
419 1991 467 2040 dcl.
479 1991 693 2042 rideturGronov.
738 2001 870 2039 servarunt.
896 1993 988 2040 Neutra
1015 1993 1088 2040 lectio
1111 1993 1246 2057 probanda.

189 2069 233 2132 (et
246 2069 357 2133 Crever.)
374 2070 486 2118 etmihi:
500 2071 543 2118 sed
561 2081 584 2118 et
598 2085 694 2133 quoquc
737 2071 809 2118 Pulla
819 2087 843 2118 a.
856 2071 940 2118 abolla
948 2070 987 2117 vel
998 2071 1069 2133 pullo
1084 2088 1108 2118 a.
1126 2073 1166 2119 ille
1182 2075 1247 2133 conj.

189 2148 269 2194 minus
285 2159 340 2211 apte
361 2148 470 2206 dictum;
483 2149 544 2212 quid
560 2149 624 2196 enirn
645 2146 693 2195 alio
737 2151 821 2212 Sigon.
835 2149 905 2196 Pullo
917 2166 942 2196 a.
955 2148 1016 2196 vilio
1026 2137 1116 2216 ielfilo
1128 2151 1166 2197 vel
1174 2153 1245 2213 pullo

189 2237 297 2290 tempore
311 2226 461 2274 sueratWel
475 2243 571 2292 quoquc
585 2243 631 2290 pro
644 2238 694 2274 tan·

187 2317 238 2359 ¹tum
249 2305 327 2364 valet,
336 2306 375 2352 vel
387 2317 451 2354 certe
461 2317 518 2370 post
531 2305 634 2353 accessio
648 2321 694 2370 po·¹

189 2384 295 2431 neudum
302 2416 309 2439 ‚
317 2397 381 2432 certe
390 2385 580 2448 intelligendum.
589 2407 601 2426 ¹·
608 2387 693 2433 Bauer.

188 2465 288 2510 Leviora
300 2475 323 2511 et
336 2465 400 2510 varia
414 2465 607 2528 adhiberiposse
618 2481 694 2510 reme·

188 2541 243 2598 dia,
260 2541 359 2588 verbum
378 2553 458 2591 mmen
470 2541 560 2607 ficerat
577 2559 628 2590 non
650 2542 692 2602 eji-

187 2619 300 2666 ciendum
314 2621 407 2680 videri,
419 2621 520 2686 putabat
532 2620 692 2668 Dulce-Ut

188 2698 214 2744 in
230 2701 352 2762 posterum
368 2700 476 2762 quiescat
492 2699 577 2746 vocula
590 2698 689 2764 suerat,

186 2779 221 2824 ait
233 2775 316 2826 Biittn.
330 2779 400 2825 Obss.
410 2794 464 2841 pag.
478 2793 540 2835 110,
554 2777 690 2824 laciendum

187 2855 299 2913 arbitror,
309 2867 337 2902 ut
350 2866 407 2919 post
417 2854 536 2901 adductus
548 2866 601 2900 erat
610 2855 692 2902 distin·

186 2949 287 2995 guamus
296 2945 397 2998 puncto.
409 2933 448 2980 Sic
459 2933 522 2979 enim
532 2932 691 2996 concipienda

186 3012 321 3060 sententia:
346 3014 465 3058 «Petrum
494 3020 564 3056 aetate
593 3009 692 3072 Syphax

186 3106 229 3138 rex
242 3101 326 3153 captus
339 3090 364 3136 in
377 3099 453 3136 castra
464 3103 562 3134 romana
571 3087 691 3134 adductus

186 3181 243 3217 erat.
256 3173 280 3216 Is
292 3181 453 3234 preterquam
466 3182 510 3214 uec
522 3182 565 3212 sua
581 3182 626 3212 nec
638 3182 694 3229 gen·

187 3248 217 3295 tis
227 3247 288 3295 fama
300 3247 496 3304 contendendus,
509 3247 580 3292 etiam
588 3246 692 3293 accessio

187 3337 280 3374 tantum
291 3328 375 3376 Punici
388 3327 446 3374 belli
460 3337 514 3374 tum
528 3325 620 3372 fuerat:
634 3327 690 3371 Per·
707 3324 709 3328 ’

185 3421 240 3452 sens
248 3422 313 3454 nunc
322 3419 396 3470 caput
404 3406 462 3454 belli
472 3415 521 3452 erat
531 3425 552 3450 n.
563 3405 608 3451 En.

223 3484 248 3532 3.
257 3487 308 3532 Nec
316 3485 389 3549 ipsius
398 3496 505 3540 tantum,
515 3483 557 3530 sed
566 3483 638 3530 etiam
644 3498 691 3544 pa-

186 3564 229 3610 tris
241 3564 368 3626 avique...
380 3563 455 3629 firmo
471 3572 621 3624 conspectum
637 3577 690 3607 eum

185 3641 305 3710 efficiebat
312 3659 322 3699 ,·
337 3642 390 3690 vide
403 3641 433 3688 ad
444 3635 484 3696 Il,
496 3641 523 3697 5,
533 3657 558 3686 n.
569 3641 690 3701 8,et111‚

186 3738 228 3781 71,
238 3739 263 3770 n.
277 3731 300 3778 t.
313 3722 377 3768 Ante
386 3736 446 3784 quos
457 3720 548 3766 excidit
560 3731 583 3766 et
591 3730 689 3764 coetero-

184 3817 239 3846 rum
250 3815 349 3864 regum,
364 3801 459 3848 Crever.
472 3800 542 3844 Forte
556 3796 635 3842 solum
648 3807 688 3851 et,·

183 3883 236 3928 Jao.
247 3878 322 3926 Perit.

220 3965 243 4012 4.
258 3956 328 4004 Pullo
342 3953 444 4001 ann'ctus
462 3953 504 4000 illo
519 3955 617 3998 Perseus
624 3985 682 3999 .....

184 4037 250 4084 nullo
272 4049 369 4082 sucrum
391 4032 440 4079 alio
461 4031 561 4087 comite,
587 4041 632 4077 etc.
656 4031 687 4076 ita

183 4115 239 4162 edd.
252 4125 312 4162 vett.
324 4122 379 4160 ante
388 4110 498 4173 Lugdun.
508 4127 530 4156 a.
547 4109 610 4154 1553
618 4141 625 4165 ,
634 4125 687 4171 quae

737 2227 841 2275 amiculo
862 2228 970 2276 Turneb.
992 2227 1056 2274 adv.
1077 2229 1127 2289 XI,
1150 2231 1195 2290 18,
1221 2241 1246 2277 et

738 2308 811 2363 XVI,
826 2322 867 2352 oo.
881 2307 951 2353 Pullo
965 2323 989 2352 a.
1001 2308 1065 2354 solus
1078 2308 1161 2356 Ursin.
1174 2308 1244 2355 Pullo

738 2401 762 2432 a.
772 2384 900 2450 simnlfilio
911 2385 976 2449 Lips.
984 2385 1060 2448 Epist.
1068 2387 1192 2447 Quaest.V‚
1204 2389 1244 2434 13.

737 2463 807 2510 Pullo
824 2480 848 2510 a.
865 2466 962 2510 Perseus
980 2462 996 2510 i.
1013 2475 1048 2510 est
1065 2476 1160 2521 castra,
1169 2465 1244 2532 filio,

735 2541 803 2588 nullo
820 2557 918 2588 suorum
932 2541 981 2588 alio
994 2541 1080 2588 comite
1093 2543 1173 2590 Gron.
1189 2545 1245 2607 quia

735 2620 761 2666 in
779 2619 853 2666 unico
867 2621 912 2666 MS
928 2621 1000 2668 rerba
1019 2637 1069 2668 non
1086 2622 1158 2668 semel
1179 2623 1245 2669 fuere

734 2697 888 2761 transposita.
899 2699 968 2746 Patto
980 2715 1004 2746 a.
1010 2698 1098 2762 pallio,
1105 2699 1143 2745 vel
1153 2701 1245 2762 potius,

734 2778 791 2840 quia
802 2776 869 2822 nullo
879 2793 975 2823 suorum
985 2776 1035 2823 atio
1043 2779 1160 2838 sequitur,
1171 2779 1242 2824 Pullo

735 2871 760 2900 a.
779 2870 833 2900 cum
842 2854 914 2920 filio,
933 2857 1018 2903 Bauer.
1035 2855 1157 2901 Posterius
1171 2857 1243 2902 etiam

734 2933 837 2980 tentarit
851 2935 930 2980 Graev.
947 2932 979 2979 ad
995 2932 1058 2980 Flor.
1072 2933 1117 2991 IV,
1131 2949 1159 2988 2,
1171 2933 1187 2998 S
1202 2934 1243 2992 45,

735 3011 896 3075 probavitque
906 3011 980 3058 Drak.
993 3010 1068 3058 modo
1081 3026 1139 3057 mox
1148 3028 1194 3074 pro
1196 3011 1242 3075 sa·

735 3102 798 3136 ccret
809 3089 903 3151 legatur
908 3088 1039 3152 faciebat:
1052 3087 1112 3134 illud
1126 3089 1189 3134 enim
1206 3091 1243 3138 in·
1262 3123 1265 3131 .

738 3166 817 3214 dicare
840 3180 937 3228 monet,
958 3169 1015 3216 ideo
1037 3168 1131 3216 nullum
1154 3169 1243 3228 alium,

736 3257 823 3308 praeter
833 3245 924 3306 lilium,
937 3248 1049 3295 comitem
1068 3247 1115 3310 ipsi
1131 3246 1241 3295 additum

734 3339 797 3381 esse,
817 3336 844 3373 ut
865 3325 905 3372 hic
928 3325 1067 3373 calamitatis
1088 3326 1168 3380 socius
1186 3343 1241 3388 eum

673 3440 674 3446 ,
733 3403 930 3450 miserabiliorem
947 3405 1049 3462 laceret;
1066 3403 1132 3468 quod
1150 3407 1240 3452 Roma-

734 3498 779 3534 nos
789 3483 900 3544 quaesisse
910 3483 1038 3530 verisimile
1046 3499 1097 3530 non
1107 3497 1171 3530 esse:
1182 3495 1207 3530 at
1217 3487 1238 3531 si

733 3560 798 3623 legas
805 3560 933 3625 faciebat,
954 3561 1048 3606 Livium
1070 3577 1164 3608 narrare
1187 3573 1239 3608 tan-

734 3650 800 3698 tum,
811 3639 870 3700 quid
887 3639 944 3686 inde
965 3641 1085 3695 evenerit,
1098 3640 1164 3702 quod
1185 3641 1239 3688 solo

733 3717 786 3766 filio
804 3721 933 3765 eomitante
953 3729 1027 3765 castra
1052 3721 1171 3780 ingressus
1194 3720 1240 3777 sit,

732 3814 818 3861 nempe
835 3798 892 3845 inde
912 3797 1025 3844 omnibus
1045 3813 1100 3844 eum
1119 3797 1240 3846 miserabi-

731 3876 817 3923 liorem
828 3879 905 3922 visum
915 3892 972 3922 csse.
986 3878 1038 3922 Hac
1048 3876 1141 3924 ratione
1152 3875 1238 3922 admis·

731 3971 755 4000 sa
764 3952 845 4020 ‚filius
858 3954 936 4001 intell.
946 3954 1063 4000 maximus
1077 3964 1135 4000 natu
1146 3954 1238 4018 Philip-

730 4048 790 4094 pus,
815 4049 886 4094 quem
910 4029 1008 4080 Perseus
1030 4048 1111 4080 secum
1131 4034 1236 4080 Octavio

732 4110 869 4160 tradiderat.
889 4112 926 4160 cf.
944 4129 997 4174 cap.
1012 4113 1026 4158 6
1044 4123 1107 4158 extr.
1126 4111 1178 4180 Sed,
1191 4129 1234 4158 eur

1085 4197 1138 4266 18.
