2970 4712
272 330 338 400 332
698 338 739 404 Jr.
771 338 902 404 mvn
1182 320 1300 424 ζὲςξξς

269 471 386 526 atores
402 452 669 549 delatoresque:
685 455 816 542 altera,
835 480 899 526 cur
913 473 1103 552 presentes
1118 477 1326 550 evocarent,

269 588 374 636 causa
384 579 477 650 erat,
489 563 587 658 quod
600 589 642 634 ex
656 563 731 634 aliis
740 553 912 661 gentibus
922 567 1125 664 principum
1139 568 1258 641 literas
1267 572 1327 643 de-

267 675 461 772 prehensas
477 675 514 742 in
529 677 794 748 commentariis
807 676 912 770 regiis
923 674 1124 764 habebant3
1141 679 1179 748 in
1189 680 1325 752 Acbaeis

266 809 398 856 caecum
430 799 504 855 erat
535 785 670 854 crimen
685 780 712 871 ⁵,
737 785 844 854 nullis
858 777 998 856 'eorum
1022 785 1133 856 literis
1160 787 1322 860 inventis.

201 945 210 966 .
265 895 388 966 AEtolis
411 895 582 981 dimissis,
603 900 827 965 Acarnanum
851 896 957 966 citata
973 919 1081 991 gens:
1099 899 1137 966 in
1160 895 1215 968 bis
1235 899 1322 971 nibil

264 1022 457 1089 novatum,
483 1006 550 1076 nisi
569 1003 669 1101 quod
686 1009 820 1076 Leucas
840 1019 1006 1102 exempta
1025 1019 1078 1074 est
1097 1011 1324 1078 Acarnanum

262 1115 427 1186 concilio.
441 1113 645 1206 Quaerendo
660 1113 790 1186 deinde
806 1113 929 1197 latius,
944 1115 1008 1210 qui
1021 1114 1165 1211 publice
1181 1131 1242 1187 aut
1255 1122 1323 1214 pri

261 1226 370 1296 vatim
388 1225 541 1321 partium
558 1225 651 1320 regis
666 1221 834 1309 fuissent,
853 1225 892 1294 in
907 1225 1024 1295 Asiam
1041 1249 1189 1322 quoque
1204 1230 1321 1323 cogni-

261 1339 397 1430 tionem
416 1336 630 1424 extendere,
649 1335 747 1408 etad
764 1336 929 1406 Antissan
947 1337 986 1405 in
1005 1334 1122 1406 Lesbo
1140 1336 1256 1408 insula
1270 1337 1320 1408 di-

260 1446 454 1533 ruendam,
468 1445 706 1517 traducendos
718 1445 962 1541 Methymnam
971 1448 1177 1532 Antissaeos,
1190 1445 1320 1518 Laben-

260 1581 343 1626 nem
361 1558 553 1642 miserunt,
573 1555 671 1652 quod
684 1561 923 1643 Antenorem,
939 1552 1317 1654 regium-praesectum,

173 1745 175 1752 ¹
260 1690 334 1761 quo
356 1681 518 1764 tempore
537 1691 619 1738 cum
639 1665 767 1738 lembis
785 1669 878 1738 circa
892 1665 1050 1738 Lesbum
1065 1664 1140 1739 est⁶
1155 1684 1317 1766 vagatus,

260 1791 368 1873 portu
393 1791 580 1874 receptum
605 1776 864 1848 commeatibus
884 1777 1070 1870 juvissent.
1095 1783 1179 1848 Duo
1204 1781 1317 1850 securi

259 1888 418 1983 percussi
449 1888 516 1956 viri
546 1887 724 1982 insignes,
753 1878 980 1957 Andronicus
1007 1885 1202 1958 Andronici
1225 1888 1318 1959 filius

259 1997 412 2084 AEtolus,
431 1996 549 2092 quod,
571 2012 710 2095 patrem
730 2013 921 2092 sequutus,
943 2021 1041 2069 arma
1058 2012 1183 2068 contra
1201 2022 1314 2095 popu·

257 2103 333 2174 lum
347 2130 536 2176 romanum
551 2107 708 2192 tulisset,
724 2121 762 2176 et
772 2110 848 2178 Neo
861 2106 1068 2192 Thebanus,
1083 2101 1162 2203 quo'
1171 2123 1316 2180 auctore

258 2218 462 2287 societatem
483 2240 566 2285 cum
585 2221 712 2287 Perseo
727 2217 930 2310 junxerant.
955 2201 960 2208 ”

304 2331 447 2399 XXXII.
468 2326 530 2396 His
544 2350 664 2396 rerum
680 2341 909 2397 externarum
925 2324 1191 2422 cognitionibm
1208 2327 1315 2396 inter·

257 2437 401 2533 positis,
432 2435 670 2506 Macedonum
699 2461 825 2507 rursus
853 2435 1063 2506 advocatum
1093 2435 1311 2506 concilium:

256 2548 550 2644 pronuntiatum,
572 2545 683 2638 Quod
697 2547 750 2616 ad
766 2562 898 2616 statum
915 2535 1145 2618 Macedoniae
1158 2552 1313 2641 pertt'ne-

255 2658 317 2727 bat
328 2669 351 2743 ¹,
365 2672 565 2742 senatores,
581 2679 672 2751 quos
685 2655 863 2748 Synedrus
874 2671 1022 2740 vocant,
1038 2652 1206 2748 legendos
1220 2679 1311 2739 esse,

254 2793 408 2866 quorum
426 2765 574 2837 consilio
595 2764 795 2861 respublica
815 2765 1131 2835 administraretur.
1159 2763 1312 2832 Nomina

291 2960 354 3005 5.In
371 2957 467 3004 Achseis
482 2973 571 3004 caecum
590 2968 644 3003 erat
656 2956 758 3012 crimen,
805 2955 901 3002 Maced.
911 2954 1062 3018 pertinebat,
1075 2964 1121 3000 etc.
1136 2953 1209 3000 rerba
1220 2954 1310 3012 Paulli,

255 3049 302 3088 etc.
314 3037 370 3084 vide
380 3035 412 3083 ad
421 3035 540 3093 XXXIV,
556 3043 585 3090 rt
595 3069 602 3092 ‚
612 3051 637 3082 n,
648 3036 672 3081 6.
804 3045 847 3081 ant
858 3036 939 3097 potius
949 3033 1083 3096 legatorum
1092 3045 1153 3078 rom.
1165 3031 1229 3079 Hinc
1241 3031 1309 3079 Crev.

289 3119 315 3166 6.
326 3115 396 3166 Circa
410 3113 507 3162 Lesbum
517 3125 553 3160 est
563 3125 684 3178 va5ratus,
697 3113 761 3160 sorte
804 3115 871 3173 conj.
879 3112 1015 3176 pertineat,
1027 3122 1052 3158 et
1067 3109 1158 3159 Dnlter.
1172 3110 1310 3174 pertineret.

253 3205 320 3242 esset.
331 3192 470 3242 Gronovius
481 3192 547 3251 conj.
556 3191 709 3256 vastabatur,
721 3192 760 3238 vel
804 3193 875 3240 Cani.
886 3192 917 3238 ad
930 3193 1008 3250 1le
1018 3206 1062 3252 ,n.
1080 3205 1102 3236 1.
1111 3216 1146 3224 —
1156 3191 1215 3236 Hac
1226 3189 1309 3243 verbs.

252 3285 306 3319 erat
329 3287 424 3335 uagus,
444 3271 482 3317 vel
502 3271 601 3317 errabat
619 3286 715 3334 vagia,-
735 3280 761 3316 et
804 3271 872 3334 qaod
883 3269 919 3316 ad
935 3281 1025 3318 statam
1043 3267 1192 3316 Macedonia
1206 3268 1309 3330 pertine·

252 3353 324 3400 Crev.
334 3361 388 3397 erat
397 3351 604 3413 vagatus-Neo
617 3348 742 3396 Thebanus
750 3367 760 3404 ,·
803 3349 847 3396 bat
856 3348 996 3412 vulgaribus
1005 3347 1081 3395 literis
1090 3347 1233 3394 excudenda
1244 3361 1310 3394 curs-

251 3421 303 3476 vid.
315 3429 406 3485 XLIV,
420 3429 462 3488 43,
476 3445 500 3478 n.
519 3431 542 3476 3.
553 3455 587 3464 -
598 3429 650 3490 Quo
660 3438 759 3474 auctore
802 3429 838 3475 rit
849 3427 981 3490 Doering.,
994 3438 1086 3474 mutate
1101 3427 1269 3484 usuncuone,
1282 3438 1309 3474 ut

249 3508 389 3556 societatem
417 3524 472 3556 eum
499 3509 584 3554 Perseo
601 3506 758 3571 juncerant;
802 3505 1165 3569 sis:«1>r0nunttuum,quod
1175 3505 1208 3552 ad
1221 3516 1307 3552 statum

250 3586 494 3649 quinamiaitCrev.
510 3584 608 3632 Excidit
621 3583 759 3632 nomenvel
801 3585 954 3634 Macedoniae
983 3584 1136 3648 pertinebat:
1166 3594 1304 3639 senatores,

251 3663 423 3718 Thebanorum
431 3663 471 3710 vel
483 3665 632 3710 Boeotorum.
644 3666 681 3710 De
690 3665 758 3710 Boeo
802 3679 862 3726 quos
880 3663 1000 3724 Synedras
1017 3674 1123 3720 uocant,
1144 3673 1213 3710 eta.»
1232 3673 1256 3709 et
1273 3665 1307 3710 sic

250 3745 281 3792 tis
292 3745 318 3792 in
331 3745 467 3794 uuiversum
481 3753 508 3789 ut
521 3743 668 3806 accipiatur,
680 3740 756 3802 magis
799 3740 861 3788 hene
878 3758 903 3788 se
916 3741 1004 3788 babere
1015 3739 1155 3804 perimebat
1172 3740 1305 3788 contendit.

248 3822 349 3870 inclinat
360 3823 456 3870 Crever.
469 3821 503 3867 ob
520 3837 547 3868 ea
560 3835 615 3883 quae
628 3819 702 3866 habet
716 3818 753 3864 Ii·
800 3819 895 3867 Walch.
914 3835 972 3868 vero
987 3819 1087 3867 Emend.
1108 3819 1161 3866 Liv.
1173 3834 1229 3882 pag.
1246 3821 1304 3880 193,

249 3901 318 3958 vius,
334 3916 406 3963 snpra
423 3899 466 3946 lib.
482 3901 565 3955 XLII,
582 3913 653 3961 capp.
676 3906 706 3953 Aa
732 3907 756 3943 et
800 3898 924 3962 vulgatum
953 3897 1076 3953 defendit,
1105 3897 1199 3952 collatis
1225 3898 1306 3946 multis

250 3982 282 4030 33
293 3993 299 4026 ε
311 3978 373 4026 adde
386 3989 410 4025 et
421 3977 508 4041 Polyb.
522 3979 603 4039 Legat.
618 3978 659 4023 63.
671 3978 716 4024 En.
799 3977 861 4024 Livii
874 3976 990 4041 exemplis
999 4011 1006 4033 ‚
1014 3976 1079 4023 haud
1090 3975 1246 4024 absitnilibus.
1259 3979 1304 4024 En.

284 4059 340 4107 Car.
354 4057 462 4103 XXXII.
480 4070 500 4102 1.
522 4055 594 4118 Quod
614 4055 650 4102 ad
665 4066 755 4103 statum
800 4083 834 4092 ·-
845 4058 983 4113 Senatores,
996 4072 1056 4118 quos
1070 4056 1299 4116 novancuria-us,
