2972 4720
240 350 284 420 ³2
659 356 699 421 r.
731 356 872 424 nvn
977 387 980 390 ·
1156 339 1279 442 tta:

285 482 378 548 XVI.
401 482 593 561 Latrones,
614 499 727 571 quum
745 475 849 547 brevi
865 477 1054 549 circumitu
1069 483 1230 552 maceriae
1244 483 1305 554 de-

237 612 383 658 currere
399 585 445 657 ad
463 583 728 656 conficiendum
745 589 906 657 saucium
920 603 1086 684 possent,
1104 591 1204 661 velut
1221 615 1305 689 per-

237 697 330 768 lecta
347 723 405 785 re,
424 699 460 765 in
477 696 606 790 jugum
624 697 788 767 Parnasi1
811 694 1023 792 refugerunt
1037 723 1081 768 eo
1096 723 1224 790 cursu,
1243 718 1303 791 ut,

235 832 351 904 quum
373 831 468 878 unus
494 831 569 875 non
592 802 694 875 facile
714 804 902 901 sequendo
922 831 987 904 per
1005 809 1101 879 invia
1121 824 1229 905 atque
1248 836 1304 882 ar·

235 920 307 989 dua
322 932 523 989 moraretur
539 913 660 1012 fugam
675 939 821 1002 eorum,
838 940 885 986 ne
901 939 1117 1014 comprenso
1130 918 1304 989 indicium

163 1041 175 1065 ⁶
234 1046 434 1114 emanaret,
449 1026 646 1100 occiderint
660 1028 841 1097 comitem.
859 1025 914 1096 Ad
929 1051 1063 1124 corpus
1076 1030 1170 1124 regis
1185 1030 1302 1125 primo

235 1142 357 1226 amici,
377 1137 507 1209 deinde
522 1135 690 1208 satellites
707 1161 748 1206 ac
767 1138 858 1206 servi
878 1153 1156 1223 concurrerunt,
1177 1137 1304 1208 tollen·

233 1270 287 1324 tes
304 1255 460 1348 sopitum
479 1248 628 1356 vulnere
652 1271 693 1317 ac
716 1245 806 1314 nihil
827 1248 1040 1317 sentientem
1053 1257 1077 1316 ².
1097 1249 1226 1318 Vivere
1249 1264 1302 1318 ta-

232 1391 316 1436 men
332 1389 376 1434 ex
389 1362 507 1432 calore
522 1373 558 1429 et
575 1358 703 1454 spiritu
720 1371 929 1427 remanente
947 1358 984 1425 in
1001 1355 1205 1453 praecordiis
1222 1381 1301 1428 sen-

233 1491 375 1562 serunt,
399 1473 580 1542 victurum
609 1470 737 1564 exigua
762 1491 803 1536 ac
829 1490 944 1564 prope
977 1465 1076 1536 nulla
1106 1490 1186 1563 spes
1214 1483 1299 1538 erat.

232 1585 388 1678 Quidam
416 1608 461 1653 ex
489 1577 723 1664 satellitibus,
749 1578 894 1672 sequuti
922 1576 1104 1646 latronum
1130 1577 1299 1673 vestigia,

230 1721 344 1796 quum
363 1716 480 1788 usque
499 1689 543 1760 ad
557 1689 684 1785 jugum
701 1687 865 1775 Parnasi,
884 1685 1133 1783 nequidquam
1148 1684 1299 1784 fatigati,

229 1807 500 1907 pervenissent,
528 1822 567 1868 re
595 1795 726 1867 infecta
750 1797 947 1867 redierunt.
973 1799 1136 1892 Aggressi
1161 1794 1300 1868 facinus

230 1914 462 1996 Macedones,
480 1925 522 1979 ut
539 1907 762 1993 inconsulte,
781 1909 829 1977 ita
847 1906 1014 1976 audacter
1035 1922 1214 2004 coeptum,
1232 1932 1299 1978 nec

230 2023 393 2096 consulte
416 2036 453 2090 et
481 2016 604 2089 timide
632 2011 895 2111 reliquerunt³.
922 2019 1136 2112 Compotem
1150 2018 1224 2111 jam
1243 2020 1298 2088 sui

230 2157 353 2230 regem
370 2129 473 2200 amici
489 2141 635 2224 postero
653 2124 711 2194 die
729 2123 899 2195 deferunt
914 2124 958 2196 ad
975 2151 1121 2212 navem;
1134 2127 1218 2197 inde
1232 2131 1297 2198 Co·

229 2241 391 2316 rinthum
409 2265 416 2306 :
440 2263 459 2308 a
475 2234 668 2320 Corintho,
687 2257 753 2331 per
771 2233 897 2303 Isthmi
910 2235 1037 2332 jugum
1057 2235 1209 2306 navibus
1225 2252 1296 2308 tra.

229 2354 365 2439 ductis,
381 2349 541 2446 AEginam
559 2345 751 2437 trajiciunt.
769 2342 825 2412 Ibi
844 2341 934 2413 adeo
951 2360 1087 2414 secreta
1103 2346 1181 2439 ejus
1195 2371 1297 2417 cura·

228 2469 280 2538 tio
294 2462 363 2534 fuit
376 2453 648 2531 admittentibus
666 2454 867 2540 nemiuem,
887 2468 928 2524 ut
945 2453 1038 2524 fama
1056 2470 1242 2526 mortuum
1256 2457 1295 2526 in

229 2578 347 2648 Asiam
372 2567 557 2668 perferret.
583 2563 720 2635 Attalus
746 2589 895 2661 quoque
919 2565 1092 2651 celerius,
1117 2591 1226 2663 quam
1242 2568 1294 2636 di-

229 2709 342 2783 gnum
361 2676 554 2752 eoncordia
570 2673 724 2745 fraterna
745 2677 856 2760 erati,
874 2674 1035 2746 credidit.
1054 2678 1143 2746 Nam
1160 2692 1294 2749 etcum

227 2918 330 2986 putabat
340 2921 393 2966 Jac.
407 2913 484 2962 Perit.
495 2939 529 2948 -
540 2911 619 2970 Hujus
627 2910 677 2957 loci
685 2926 739 2958 sen·
784 2911 815 2958 ad
834 2911 952 2975 Apollod.
972 2913 996 2971 I,
1017 2927 1049 2970 7,
1063 2927 1089 2958 n.
1105 2927 1136 2973 9,
1157 2913 1199 2961 uhi
1212 2912 1238 2959 in
1256 2913 1295 2960 hi,

225 3017 268 3049 sus
281 3017 294 3048 s
306 2995 440 3059 Doeringio
449 2994 484 3040 ita
492 2990 638 3054 exponitur:
654 2990 738 3050 Quum
784 3005 836 3037 non
846 2989 1007 3054 argutandum
1016 3001 1107 3037 monet.

227 3099 258 3128 ex
268 3078 351 3127 semita
362 3073 467 3140 proclivi
477 3074 527 3134 jam
538 3070 614 3118 multu
625 3068 738 3117 deorsum
819 3085 843 3116 2.
853 3069 961 3132 Sopiturn
970 3069 1072 3116 vrslnere
1080 3085 1111 3115 ac
1122 3068 1185 3116 nihil
1191 3072 1294 3119 seruien-

227 3162 253 3209 in
267 3159 407 3222 prolapsum
416 3156 548 3201 Eumenem
557 3166 615 3197 saxa
624 3161 738 3212 congesta
783 3159 830 3196 tcrn
836 3167 847 3205 ;
858 3148 914 3195 vide
926 3147 957 3194 ad
971 3150 996 3205 1,
1010 3154 1052 3206 41,
1062 3163 1087 3195 n.
1102 3147 1128 3194 6.

228 3235 413 3295 essent,caeteri
426 3232 526 3295 quidem
539 3242 587 3278 tam
604 3229 738 3278 amicorum
819 3228 843 3276 3.
857 3229 892 3274 Et
912 3226 995 3274 timide
1012 3225 1178 3286 reliquerunt,·
1194 3224 1293 3276 vidend

227 3334 300 3382 quarn
317 3313 460 3368 satellitum,
476 3320 605 3373 postquam
625 3308 739 3356 viderunt
783 3307 907 3362 xxxiv,
920 3307 965 3362 58,
978 3320 1004 3350 n.
1021 3301 1175 3350 1.-Walch.
1188 3305 1291 3356 Emend.

226 3397 365 3446 cadentem,
379 3390 527 3452 diffugiunt:
538 3388 579 3436 sed
588 3387 735 3444 Pantaleon,
783 3386 836 3434 Liv.
854 3385 919 3442 123,
934 3383 968 3428 ita
986 3381 1035 3428 hoo
1053 3381 1109 3429 loeo
1126 3381 1243 3447 distingui
1253 3386 1292 3445 ju.

226 3477 271 3540 qui
289 3487 356 3520 nune
379 3484 477 3531 quoquc
499 3466 546 3512 sibi
567 3466 693 3514 constabat
709 3465 736 3512 in
780 3460 965 3525 bet2Aggressi
977 3457 1081 3520 facinus
1095 3461 1244 3511 Macedones
1265 3478 1292 3514 ue

227 3553 317 3604 tuenda
328 3547 445 3613 impavidi
453 3546 528 3592 animi
539 3545 624 3603 laude,
635 3545 666 3592 ad
678 3560 736 3608 pro·
781 3541 914 3588 inconsulte
931 3539 967 3585 ita
987 3538 1120 3597 audacter,
1132 3554 1234 3606 coeptum
1246 3561 1291 3593 nec

218 3632 357 3698 'tegendum
370 3643 452 3689 regem
463 3625 584 3673 remansit.
598 3627 645 3672 En.
780 3621 889 3667 consulte
903 3630 927 3665 et
942 3617 1037 3676 timide,
1051 3631 1097 3667 etc.
1112 3621 1213 3680 Sensum
1226 3625 1291 3672 enim

262 3709 402 3763 cinxvl.
423 3721 444 3752 1.
461 3707 491 3751 In
502 3703 590 3769 jugum
610 3701 718 3748 Parnasi
724 3719 735 3757 ;
780 3712 846 3747 esse:
858 3697 932 3760 Quod
944 3710 1067 3761 coeperant
1075 3716 1126 3748 non
1134 3702 1227 3750 minore
1234 3705 1292 3752 etul-

226 3794 293 3859 conl.¹
305 3790 338 3838 ad
349 3805 403 3852 cap.
420 3787 464 3848 15,
479 3800 504 3832 n.
525 3783 548 3830 3.
567 3780 672 3830 Parnasi
685 3797 736 3828 om·
780 3779 834 3826 titia
846 3794 918 3840 quam
930 3777 1043 3838 audacia,
1053 3779 1093 3840 id,
1103 3792 1232 3846 postquam
1244 3800 1291 3832 οφ.

228 3889 270 3922 nes
284 3869 340 3918 edd.
355 3879 411 3914 ante
422 3868 533 3914 Gronov.
548 3877 602 3924 quae
617 3861 735 3923 scriptura
780 3869 882 3922 perant,
899 3874 950 3906 non
972 3859 1047 3907 modo
1069 3860 1223 3926 inconsulte,
1246 3863 1290 3912 sed

227 3963 264 4000 est
287 3946 425 4009 antiquior,
445 3954 473 3990 ut
492 3942 617 4010 Κηφισὸς,
635 3939 734 4008 Κρίσα,
780 3937 864 3992 timide
875 3938 945 3986 etiam
958 3938 1116 4002 reliquerunt.
1137 3941 1183 3988 Eu.

227 4027 329 4084 Μισῆνη
341 4036 365 4072 et
375 4024 406 4073 al.
416 4023 526 4071 Couf.ad
536 4020 735 4078 Si1.1111‚311‚
816 4026 840 4072 4.
855 4018 970 4076 Celerius,
985 4036 1060 4083 quam
1076 4019 1176 4084 dignum
1189 4037 1289 4069 concor-

225 4123 251 4160 et
262 4112 345 4171 lieyn.
365 4103 396 4152 ad
413 4103 515 4148 Homer.
532 4101 561 4148 Il.
575 4103 616 4156 11,
634 4099 683 4145 ⁵22
695 4131 701 4155 ,
712 4107 736 4142 et
779 4095 945 4162 diafraeernc
964 4110 1019 4146 erat
1028 4099 1037 4162 (
1046 4097 1103 4145 vide
1119 4099 1151 4146 ad
1166 4102 1248 4158 XLII,
1259 4101 1287 4160 5,
