2982 4702
254 375 302 446 90
685 354 723 418 T·
758 354 932 420 L1V11·
1033 347 1046 412 t
1171 334 1295 436 titt:

251 496 297 544 ne
316 475 454 544 stetisse
473 487 615 544 tantum
633 474 669 543 in
690 474 798 544 armis
816 474 1045 562 viderentur.;
1071 490 1321 572 armatosque,

252 586 344 654 sicut
363 599 486 670 erant,
509 582 554 653 ad
580 584 792 654 concionem
816 585 966 681 vocavit.
995 588 1076 682 Ipse
1101 586 1263 657 constitit
1284 589 1321 656 in

250 693 441 779 tribunali,
461 696 554 765 circa
577 719 614 764 se
637 693 775 764 habens
792 692 886 764 filios
904 690 1047 764 duos³z
1071 718 1231 791 quorum
1244 720 1320 767 ma·

250 805 310 899 jor
326 802 532 900 Philippus,
549 817 676 874 natura
693 801 821 890 irater,
840 803 1036 901 adoptione
1052 802 1169 892 filius3
1188 807 1320 893 minor,

252 937 363 1009 quem
380 913 620 984 Alexandrum
640 911 839 999 vocabant,
857 913 1029 1000 naturalis
1043 928 1128 984 erat.
1150 915 1322 990 Cohorta-

252 1036 311 1093 tus
328 1038 381 1094 est
401 1023 531 1096 milites
552 1024 597 1096 ad
614 1022 752 1096 bellum
769 1050 776 1092 :
793 1023 961 1117 injuriam
980 1024 1107 1122 populi
1125 1029 1266 1098 romani
1283 1031 1319 1098 in

180 1151 184 1156 ’
249 1145 388 1229 patrem
411 1157 522 1230 seque
546 1133 867 1204 commemoravit:
892 1133 1023 1218 Illum,
1046 1136 1209 1207 omnibus
1226 1137 1319 1208 indi-

249 1243 449 1338 gnitatibus
469 1243 693 1343 compulsum
715 1245 769 1316 ad
787 1245 1058 1332 rebellandum,
1088 1252 1182 1318 inter
1204 1231 1332 1343 appa-i

252 1373 371 1424 ratum
398 1354 480 1425 belli
489 1359 579 1447 sato
597 1379 836 1452 oppressum:
855 1353 961 1426 adse
979 1353 1090 1426 simul
1102 1355 1257 1451 legatos,
1277 1362 1320 1425 si·

252 1464 332 1534 mul
362 1464 490 1537 milites
518 1467 571 1536 ad
599 1467 834 1562 occupandus
869 1469 1023 1536 Graecne
1051 1465 1154 1535 urbes
1181 1471 1317 1536 missos.

251 1573 396 1646 Fallaci
417 1575 549 1659 deinde
577 1574 754 1671 colloquio
773 1600 843 1672 per
864 1581 1017 1672 speciem
1045 1575 1329 1648 reconciliandae*

246 1691 352 1782 pacis
374 1701 573 1756 entractam
597 1685 778 1770 hiemem,
808 1702 849 1756 ut
872 1704 1009 1781 tempus
1035 1685 1088 1756 ad
1108 1710 1319 1783 comparan-

253 1795 341 1864 dum
367 1793 579 1878 haberent,
606 1794 792 1866 Consulem
813 1820 909 1865 nunc
930 1802 1053 1866 venire
1075 1821 1157 1866 eum
1177 1794 1320 1866 duabus

255 1902 456 1998 legionibus
476 1909 660 1989 romanis*
674 1930 758 1998 quoe
774 1906 803 1935 **
824 1921 982 1976 trecenos
997 1912 1132 2002 equites
1147 1905 1316 1992 habeant,

253 2025 291 2080 et
300 2015 511 2108 pariferme
534 2037 684 2084 numero
705 2020 885 2086 sociorum
898 2017 1059 2112 peditum
1077 2021 1318 2115 equitumque.

253 2127 287 2192 E
289 2146 311 2191 ο
324 2137 365 2192 ut
375 2122 550 2194 accedant
563 2149 687 2219 regum
702 2126 849 2198 auxilia
863 2129 1034 2198 Eumenis
1050 2143 1086 2197 et
1096 2131 1317 2211 Masinissoe,

252 2346 468 2394 tisseuiderentur.
483 2349 519 2394 De
542 2348 643 2396 decursu
660 2347 761 2396 vidend
805 2347 899 2410 pedites
926 2350 1066 2412 equitesque
1093 2348 1195 2398 soeinles
1217 2364 1319 2400 numero

254 2425 455 2485 xxt11,35,n.
468 2429 491 2474 3.
503 2429 550 2476 En.
711 2475 715 2483 x
806 2437 891 2474 auctos
907 2427 981 2475 tuisse
997 2427 1072 2476 tradit
1088 2428 1189 2486 Livius,
1209 2445 1263 2491 cap.
1276 2429 1320 2475 31.

289 2505 314 2551 3.
327 2504 398 2552 Circa
420 2521 446 2552 se
464 2504 555 2552 labens
577 2508 677 2554 Perseus
689 2505 761 2572 filios
807 2505 978 2553 «Licetetiam
988 2517 1117 2571 utrumque
1130 2507 1220 2554 rescire
1231 2517 1318 2570 potue·

252 2583 329 2639 duos,
342 2583 481 2648 Philippum
494 2596 520 2632 et
531 2585 718 2633 Alexandrum:
727 2586 763 2634 eie
808 2584 840 2631 rit
851 2586 966 2646 Persem,
979 2598 1060 2636 tamen
1069 2587 1091 2633 ei
1101 2586 1177 2651 magis
1186 2585 1318 2634 convenie-

253 2674 278 2710 et
302 2662 351 2710 duo
371 2661 415 2710 lilii
435 2675 599 2712 memorentur
617 2666 695 2722 XLV,
714 2665 763 2725 39,
807 2663 864 2723 bat,
884 2675 911 2710 ut
931 2666 1015 2729 copias
1045 2681 1156 2712 romanas
1185 2666 1318 2723 minueret,

253 2742 303 2789 duo
321 2758 376 2789 cum
396 2741 445 2792 filia
457 2745 591 2810 itunae,
605 2754 629 2790 et
645 2743 708 2790 Plut.
721 2743 763 2805 qui
807 2758 880 2804 quem
892 2754 997 2806 augeret.
1016 2745 1097 2810 Igitur
1110 2760 1156 2808 pro
1169 2759 1228 2790 sena
1243 2743 1319 2792 millia

252 2833 295 2869 eos
307 2821 333 2868 in
348 2822 472 2887 triumpho
482 2823 569 2870 ductos
583 2839 634 2870 esse
647 2822 678 2868 sb
688 2821 762 2868 AEmi·
806 2820 862 2885 lego
877 2821 954 2885 quina
971 2822 1063 2880 millia,
1081 2823 1125 2886 qui
1142 2823 1260 2888 pristinus
1274 2823 1319 2870 tuit

251 2901 286 2947 lio
301 2900 373 2959 dicit;
384 2911 433 2949 tres
445 2899 492 2952 lilli
505 2912 561 2951 ente
574 2917 673 2949 enisum
685 2900 763 2948 Paulli
807 2917 929 2950 numerus.
947 2903 1065 2954 Praeteree
1087 2918 1157 2950 servo
1176 2901 1243 2966 vulg.
1261 2901 1320 2965 pari

253 2979 323 3028 ducti
332 2980 397 3044 Epit.
412 2980 456 3032 lib.
466 2981 543 3040 XLV,
559 2980 630 3028 liberi
644 2979 714 3043 parvi
726 2995 762 3026 re·
807 2996 923 3027 numero:
938 2996 991 3028 nou
1006 2981 1071 3028 enim
1083 2980 1198 3045 legiones.
1209 2995 1319 3027 somenae

253 3060 287 3123 gii
295 3071 384 3123 prietes
396 3060 537 3126 Philippum
547 3059 593 3111 inf.
604 3061 682 3118 XLV,
693 3059 717 3106 6.
728 3085 763 3097 -
807 3058 930 3107 hebebant
942 3075 1002 3106 sena
1013 3058 1092 3110 millia
1105 3058 1230 3122 peditum,
1247 3071 1319 3106 trece-

252 3139 331 3186 Simul
342 3139 434 3203 legatos
444 3141 481 3187 ad
493 3157 533 3197 te,
545 3140 618 3192 simul
630 3138 757 3188 milites...
807 3154 851 3196 nos
863 3136 970 3201 equitum
980 3149 1004 3184 et
1010 3153 1099 3201 parem
1103 3136 1185 3202 ferme
1195 3153 1318 3184 numerum

253 3218 336 3264 missos
348 3235 361 3264 a
373 3219 505 3272 Romanis:
513 3218 609 3281 fallaci
621 3218 759 3282 colloquio,
782 3255 784 3264 .
805 3217 925 3266 sociorum
935 3233 964 3280 p.
980 3232 1001 3265 e.
1012 3238 1033 3264 n.
1044 3215 1167 3280 Drakenb.
1179 3243 1214 3253 -·
1224 3217 1262 3263 Eo
1273 3227 1301 3262 ut
1308 3250 1317 3272 ,

254 3307 301 3345 etc.
311 3298 378 3345 conf.
391 3312 446 3360 oep.
455 3298 491 3344 ’38
504 3314 540 3361 sq.
554 3309 578 3346 et
590 3305 631 3360 tp.
806 3295 916 3359 quemvis
925 3329 932 3353 ‚
941 3295 1062 3344 accedant
1069 3311 1153 3360 regum
1163 3293 1262 3343 auxilia
1270 3296 1319 3341 En-

289 3383 313 3430 4.
333 3376 479 3426 Extremam
493 3375 609 3432 hiemem,
627 3387 655 3426 ut
671 3372 762 3439 tempus
806 3374 881 3422 menis
893 3384 918 3420 et
933 3372 1083 3430 Masinissa,
1098 3389 1147 3420 non
1158 3373 1216 3436 plus
1231 3385 1319 3437 septem

252 3455 290 3504 ad
303 3455 496 3518 comparandum
513 3455 644 3512 haberent3
659 3454 716 3502 vide
732 3454 763 3502 ed
807 3452 885 3500 millia
893 3452 1020 3514 peditum,
1031 3452 1080 3499 duo
1092 3450 1199 3515 equitum
1206 3450 1318 3516 scitura:

254 3537 301 3592 lv,
316 3535 363 3593 43,
377 3551 402 3582 n.
423 3537 455 3592 6,
472 3545 497 3581 et
510 3534 618 3593 XXXV,
633 3535 679 3592 45,
696 3550 722 3580 n.
738 3549 763 3586 α,
807 3531 851 3594 qui
865 3547 981 3581 numerus
991 3532 1023 3579 ed
1034 3531 1087 3580 tots
1099 3530 1152 3578 haee
1162 3531 1252 3578 auxilie
1265 3546 1318 3594 per-

253 3616 316 3663 Mex
335 3624 400 3662 recte
425 3623 508 3661 notam
530 3613 624 3660 ineunte
648 3611 765 3677 opposuit
808 3610 883 3669 tinet3
903 3622 927 3658 et
943 3611 1007 3659 forte
1024 3627 1054 3659 ea
1068 3610 1160 3658 excidit
1174 3621 1232 3674 poet
1248 3608 1319 3657 Masi·

253 3695 331 3742 Gron.
349 3709 450 3756 eamque
464 3707 495 3739 ex
511 3708 564 3756 cap.
582 3693 612 3739 31
631 3692 664 3739 ite
678 3692 760 3756 exple·
805 3689 876 3736 nisste
891 3700 934 3737 eut
945 3689 1031 3737 miliia.
1047 3688 1166 3737 Mendum
1180 3689 1207 3735 in
1218 3703 1318 3736 numero

251 3776 299 3822 vit:
310 3787 368 3820 eum
379 3772 474 3819 duabus
487 3769 620 3835 legionibus
633 3770 741 3819 romanis
750 3805 759 3828 ‚
805 3769 878 3816 lutere
888 3767 990 3833 putabat
1000 3768 1066 3818 nuk.
1079 3769 1122 3832 qui
1133 3784 1188 3815 eum
1198 3767 1231 3814 ad
1239 3777 1319 3818 totum

251 3869 306 3914 quoe
318 3851 500 3916 singulte-sena
519 3850 597 3898 millia
611 3850 724 3915 peditum
739 3861 762 3897 et
805 3848 924 3896 referebat
940 3849 1089 3908 exercitum
1105 3857 1129 3894 et
1143 3863 1172 3893 eo
1189 3847 1317 3902 accedent,

251 3941 357 3977 trecenos
376 3929 466 3993 equites
488 3929 612 3987 habeant,
634 3941 659 3976 et
674 3945 762 3993 parem
806 3943 837 3974 ex
857 3928 1026 3976 emendatione
1045 3925 1252 3975 Drakenborchii.
1272 3927 1320 3974 Sed

244 4007 329 4071 ferme
342 4003 466 4056 munierum
479 4009 598 4055 sociorum
606 4025 635 4071 p.
649 4024 670 4056 e.
682 4009 762 4054 Enim·
806 4007 919 4070 prolecto
941 4008 975 4055 ite
998 4009 1084 4071 potius
1112 4005 1244 4058 dicendum
1270 4016 1321 4060 esst

254 4103 375 4143 netelton
399 4087 652 4150 mosengensem,
673 4087 715 4140 sed
736 4097 760 4133 et
806 4102 834 4133 eo
848 4086 972 4140 accedere,
