2970 4712
250 385 318 456 312
684 385 723 451 Τ.
756 366 894 453 LI‘VH
1168 365 1231 464 bid.
1245 365 1289 465 iii.

248 525 265 572 u
280 523 368 580 tunc
393 510 431 576 in
456 507 641 604 praesentia
658 508 838 604 castigata
863 506 923 576 illa
948 507 1078 602 legatio
1106 524 1205 598 erat,
1233 534 1316 580 cum

248 648 265 684 e
281 633 355 689 tam
383 618 474 688 tristi
501 639 679 713 responso
704 633 827 688 vestro
851 617 1006 720 dimissa.
1031 621 1165 690 Situm
1188 643 1316 718 parum

248 761 265 794 «
278 729 482 826 ignominiae
497 751 650 825 pensum
666 741 740 810 est,
759 729 833 798 haec
851 742 946 798 certe
961 741 1035 798 tarn
1050 728 1263 802 miserabilis
1277 753 1318 800 ac

248 871 265 906 e
280 836 434 936 supplex
455 837 583 934 legatio
605 839 712 907 etiam
733 837 994 923 insolentioris,
1015 865 1125 936 quam
1146 840 1207 911 illa
1230 839 1316 925 fuit,

247 983 264 1016 κ
278 949 465 1047 legationis
482 949 565 1018 satis
581 972 755 1043 magnum
769 949 951 1045 piaculum
965 964 1066 1020 osset.
1080 945 1315 1048 snperbiam,

249 1059 476 1132 «verborum
498 1060 712 1156 praesertim,
735 1057 900 1128 iracundi
922 1059 1099 1147 oderunt,
1119 1060 1317 1158 prudentes

250 1202 266 1236 α
280 1169 458 1255 irrident3
483 1169 611 1264 utique
636 1170 666 1238 si
692 1165 872 1238 inferioris
895 1169 1066 1239 adversus
1092 1173 1317 1268 superiorem

251 1295 357 1352 uest:
379 1277 521 1376 capitali
540 1302 648 1374 poena
665 1301 775 1349 nemo
795 1302 957 1374 unquam
975 1277 1120 1375 dignam
1136 1280 1316 1374 judicavit.

251 1388 324 1460 «ld
346 1389 533 1459 enimvero
560 1387 761 1485 periculum
789 1402 885 1476 erat,
909 1413 956 1481 ne
980 1394 1163 1461 Romanos
1187 1391 1318 1463 Rhodii

252 1513 568 1570 «contemnerent.
590 1499 704 1568 Etiam
718 1495 806 1568 deos
821 1497 932 1593 aliqui
945 1498 1063 1570 verbis
1082 1497 1319 1573 ferocioribus

251 1640 267 1675 «
281 1611 471 1706 increpant
483 1661 493 1695 ,
507 1632 574 1679 nec
591 1607 640 1679 ob
660 1606 696 1678 id
717 1632 938 1704 quemquam
955 1607 1107 1685 fulmine
1124 1611 1238 1682 ictum
1254 1637 1319 1683 au·

252 1751 269 1787 «
284 1714 438 1792 dimusss.
673 1799 676 1804 ,

301 1836 428 1902 XXIV.
451 1830 580 1920 «Quid
600 1831 709 1928 igitur
728 1835 893 1928 ¹superat,
918 1831 1020 1928 quod
1039 1838 1237 1932 purgemus
1249 1844 1274 1919 ¹,
1290 1835 1320 1902 si

254 1973 272 2008 «
288 1967 356 2014 nec
377 1940 512 2012 factum
533 1941 664 2012 hostile
680 1941 797 2011 ullum
815 1955 980 2012 nostrum
996 1956 1066 2030 est,
1087 1958 1123 2014 et
1138 1940 1249 2012 verba
1263 1956 1320 2011 tu-

255 2083 271 2118 «
284 2050 437 2122 midiora
454 2051 584 2149 legati²
601 2049 842 2122 offensionem
856 2054 1018 2141 aurium,
1034 2077 1109 2125 non
1124 2055 1321 2150 perniciem

255 2193 272 2228 e
286 2161 455 2246 civitatis,
469 2161 705 2234 meruerunt?
721 2163 927 2232 Voluntatis
948 2177 1079 2232 nostrae
1096 2163 1213 2248 tacitae
1224 2162 1323 2234 velut

254 2273 386 2343 «litem
407 2271 572 2342 aestimari
594 2272 720 2341 vestris
742 2273 924 2343 intervos
946 2271 1174 2344 sermonibus
1194 2255 1321 2358 abdic,

255 2389 406 2454 «Patres
423 2381 617 2477 conscripti
634 2408 641 2448 :
660 2379 787 2453 favisse
805 2406 873 2452 nos
889 2383 983 2478 regi,
1005 2396 1042 2454 et
1059 2381 1161 2454 illum
1180 2384 1322 2455 vincere

256 2525 273 2559 e
288 2494 480 2579 maluisse;
509 2491 592 2562 ideo
622 2489 722 2562 bello
749 2493 1021 2590 persequendos
1053 2517 1129 2564 esse
1157 2493 1321 2566 credunt.

255 2604 357 2675 «Alii
376 2616 556 2688 vestrum,
576 2600 731 2673 voluisse
752 2603 902 2698 quidem
917 2625 986 2672 nos
1004 2601 1092 2687 hoc,
1112 2618 1322 2673 nontamen

256 2713 336 2786 «ob
350 2713 388 2784 id
401 2713 501 2785 bello
514 2711 788 2810 persequendos
804 2734 881 2783 esse
897 2739 905 2781 ε
923 2736 1044 2807 neque
1060 2710 1242 2800 moribus,
1262 2737 1322 2783 ne-

256 2856 273 2891 «
287 2849 359 2922 que
378 2823 517 2921 legibus
532 2822 649 2894 ullius
659 2824 809 2894 civitatis
825 2820 876 2893 ita
889 2836 1138 2920 comparatum
1152 2847 1247 2910 esse,
1266 2839 1324 2911 ut,

255 2967 271 3002 a
286 2935 315 3008 si
331 2936 413 3032 quis
428 2935 538 3006 vellet
556 2934 742 3006 inimicum
758 2935 898 3031 perire,
915 2935 944 3004 si
964 2933 1053 3004 nihil
1068 2932 1195 3006 fecerit
1206 2931 1233 3020 ³,
1249 2934 1322 3030 quo

257 3045 325 3116 eid
347 3043 428 3128 fiat,
451 3045 576 3142 capitis
596 3044 798 3116 damnetur.
823 3046 907 3132 His,
931 3047 995 3144 qui
1014 3069 1082 3116 nos
1100 3071 1227 3142 poena,
1248 3071 1323 3116 non

257 3186 273 3221 (ι
287 3157 456 3240 crimine,
482 3154 659 3241 liberant,
686 3157 837 3252 gratiam
862 3157 1011 3254 quidem
1038 3154 1236 3245 habemus;
1256 3157 1324 3255 ipsi

257 3297 272 3331 «
287 3264 392 3336 nobis
421 3263 516 3334 hanc
550 3264 702 3338 diciinus
734 3265 882 3362 legem:=
913 3268 942 3342 si
973 3289 1100 3338 omnes
1124 3268 1323 3352 voluimuS,

293 3505 317 3552 8.
327 3501 437 3572 Fulmina
448 3501 522 3550 ictum
531 3503 661 3560 (rudimen
670 3503 726 3552 vide
733 3503 768 3566 ed
813 3503 842 3552 tr's
852 3503 940 3552 nostrae
947 3506 1031 3554 tacitca
1039 3507 1107 3554 vetur
1117 3507 1182 3556 litem
1191 3506 1309 3555 oestimari
1315 3526 1324 3564 ,·

257 3599 311 3648 cap.
328 3599 375 3643 aa,
388 3599 415 3631 n.
427 3583 451 3630 3.
814 3583 872 3632 vide
881 3583 914 3632 ad
922 3587 1077 3649 XXXVIII,
1092 3587 1125 3635 55
1133 3622 1140 3648 ,
1153 3605 1179 3634 n.
1194 3587 1219 3635 5.

292 3663 352 3710 Ger.
363 3663 460 3709 XXIV.
475 3676 498 3709 1.
510 3661 577 3724 Quid
585 3660 658 3726 igitur
670 3673 770 3726 superat
849 3663 873 3715 3,.
887 3666 933 3720 Ut,
946 3663 969 3711 εἰ
986 3663 1039 3728 quis
1052 3666 1129 3714 vellet
1145 3665 1270 3724 inimicum
1283 3681 1326 3728 pe-

254 3740 375 3807 (vidcad
387 3742 461 3800 VIII,
481 3739 768 3806 1o‚n.1)‚quodpur-
812 3741 874 3799 rire,
893 3742 916 3790 si
933 3741 996 3791 uiuit
1006 3741 1117 3808 fecerit:
1137 3745 1164 3792 in
1189 3744 1246 3792 edd.
1270 3755 1326 3792 ente

254 3835 352 3890 gemus,
368 3835 471 3890 purgare
485 3819 618 3868 debemus:
633 3820 696 3868 male
710 3819 766 3868 edd.
812 3823 912 3870 Vasooe.
927 3822 970 3886 qui
982 3819 1057 3886 (pride
1070 3823 1101 3870 ad
1111 3825 1161 3883 VI,
1175 3825 1223 3882 32,
1237 3839 1262 3871 n.
1276 3823 1326 3887 3),

258 3909 315 3947 ante
325 3900 402 3948 Gron.
410 3915 546 3963 purgamus
553 3916 564 3954 5
576 3899 652 3947 Drak.
811 3910 835 3947 et
847 3912 875 3948 ue
892 3899 915 3948 εἰ
925 3889 1093 3966 ‘nihilfecerie
1099 3920 1111 3958 ,·
1123 3901 1188 3950 unde
1206 3915 1235 3948 ut
1252 3901 1290 3957 r's,
1306 3901 1329 3948 si

293 3992 318 4025 2.
338 3978 416 4026 Verba
437 3977 570 4024 tumidiora
583 3974 593 4040 (
603 3977 654 4024 vid.
673 3981 766 4040 xxx,
812 3977 972 4044 nililflrcerr't
991 3997 1043 4028 non
1062 3981 1123 4029 mele
1141 3981 1241 4044 conjicit
1263 3981 1326 4028 Gro-

259 4070 299 4112 11,
312 4072 337 4102 u.
351 4053 386 4120 3)
403 4055 477 4120 legati
490 4056 577 4103 nostri.
593 4057 632 4104 cf.
648 4074 702 4120 cap.
719 4059 766 4117 23,
811 4073 869 4105 nov.
883 4058 1003 4122 probante
1016 4059 1140 4110 Drakenb.
1152 4059 1225 4110 cont.
1238 4057 1270 4107 ad
1281 4054 1328 4112 tib,

256 4149 282 4179 n.
299 4133 326 4196 5,
340 4143 364 4182 et
377 4135 466 4195 xt1v,
487 4141 532 4192 14,
551 4135 590 4183 1⁵.
603 4157 636 4172 u—
650 4137 767 4186 Volunta·
812 4141 1033 4198 xxtt,11‚n.e.
