2976 4712
480 447 751 514 LlBRORUM
781 447 925 516 LlVlI.
1163 449 1229 533 431

172 527 384 664 perdomitis
404 585 527 663 pacem
548 563 657 637 dedit.
679 570 744 637 Cn.
760 565 913 636 Manlius
931 565 1077 653 consul,
1099 567 1236 666 collega

173 677 265 769 ejus,
281 675 534 773 Gallograecos,
549 674 789 746 Tolistoboios
805 689 841 745 et
857 679 1070 772 Tectosagos
1084 691 1120 748 et
1133 679 1237 750 Troc-

172 811 269 872 mos,
290 787 355 883 qui
377 791 519 856 Brenno
540 784 632 857 duce
654 788 692 856 in
707 786 833 864 ,Asiam
852 785 1102 874 transierant¹,
1121 808 1236 884 quum

135 910 136 913 ’
173 897 239 966 soli
255 897 343 967 citra
357 899 513 967 Taurum
527 911 689 968 montem
703 917 779 970 non
797 909 978 992 parerent,
994 896 1086 967 vicit.
1102 895 1235 970 Eorum

173 1008 293 1104 origo,
317 1021 353 1080 ct
370 1005 676 1104 quemadmodum
697 1031 738 1078 ea
753 1006 848 1092 loca,
869 1029 953 1102 quae
967 1020 1111 1094 tenent,
1131 1033 1236 1080 occu·

172 1119 356 1213 paverint,
375 1115 537 1216 refertur.
560 1116 773 1214 Exemplum
790 1140 939 1212 quoque
959 1116 1100 1186 virtutis
1119 1134 1155 1189 et
1170 1142 1236 1218 pu-

173 1225 300 1298 dicitiae
327 1229 365 1296 in
393 1226 526 1298 femina
552 1227 714 1298 traditur.
743 1230 833 1298 Nam
860 1231 973 1322 quum
996 1226 1235 1328 Ortiagontis,

172 1335 265 1434 regis
291 1336 615 1432 Gallograecorum,
639 1361 733 1406 uxor
758 1336 897 1432 captiva
921 1347 1034 1422 esset,
1059 1341 1237 1410 centurio·

173 1471 254 1518 nem
271 1447 477 1532 custodem,
492 1449 554 1544 qui
570 1449 602 1518 ei
616 1449 687 1517 vim
700 1446 890 1532 intulerat,
907 1444 1048 1516 occidit.
1066 1451 1234 1519 Lustrum

173 1582 193 1628 a
211 1557 422 1630 censoribus
441 1555 630 1630 conditum
651 1573 714 1628 est.
736 1561 851 1628 Censa
870 1571 961 1626 sunt·
969 1557 1101 1627 civium
1122 1561 1238 1656 capita

173 1665 327 1739 ducenta
350 1664 612 1766 quinquaginta
633 1679 717 1740 octo
741 1667 851 1737 millia
874 1681 910 1737 et
932 1677 1093 1739 trecenta
1111 1669 1236 1768 viginti

173 1787 292 1848 octo².
322 1782 415 1862 Cum
447 1778 653 1864 Ariarathe,
685 1801 769 1876 rege
803 1774 1056 1874 Cappadociae,
1085 1781 1238 1853 amicitia

170 1885 295 1980 juncta
319 1902 384 1958 est.
406 1890 471 1958 Cn.
494 1887 668 1976 Manlius,
689 1885 1020 1960 contradicentibus
1038 1887 1164 1960 decem
1186 1891 1237 1962 le-

172 1998 279 2093 gatis,
298 2020 341 2068 ex·
364 2017 520 2095 quorum
542 1999 693 2069 consilio
713 1996 831 2068 foedus
849 2019 933 2068 cum
948 1999 1131 2070 Antiocho
1150 2027 1237 2072 con-

174 2108 379 2205 scripserat,
394 2107 439 2179 de
452 2104 698 2206 Gallograecis,
711 2121 789 2178 acta
799 2131 866 2205 pro
877 2131 913 2177 se
925 2109 1080 2194 causam
1094 2120 1237 2200 senatu,

173 2217 418 2315 triumphavit}
437 2219 556 2316 Scipio
571 2217 777 2306 Afncanns,
792 2209 850 2288 die
864 2218 896 2288 ei
911 2215 1021 2304 dicta,
1037 2233 1079 2289 ut
1092 2221 1238 2318 quidam

173 2327 294 2415 aiunt,
313 2353 333 2398 a
353 2333 397 2420 Q.
415 2330 556 2402 Petillio
571 2327 719 2400 tribuno
738 2326 871 2428 plebis,
888 2338 933 2397 ut
947 2327 1113 2424 quidam,
1130 2335 1239 2404 aNae-

174 2439 251 2526 vio,
273 2439 373 2535 quod
393 2440 510 2540 praeda
530 2465 574 2512 ex
590 2438 770 2511 Antiocho
789 2451 892 2536 capta
907 2440 1070 2510 arariam
1086 2437 1241 2538 fraudas·

174 2561 247 2634 set,
261 2559 455 2648 'postquam
473 2553 503 2621 is
521 2551 598 2624 dies
614 2552 733 2636 venit,
750 2559 919 2620 evocatus
936 2550 975 2618 in
993 2553 1141 2638 Rostra,
1158 2555 1242 2624 Hoc

174 2658 252 2743 die,
281 2662 420 2758 inquit,
450 2665 622 2753 Qualitas,
650 2659 901 2754 Carthaginem
921 2664 1016 2728 vici:
1040 2674 1095 2746 et,
1118 2685 1241 2756 prose-

176 2785 310 2864 quente
337 2769 496 2867 popul0,
523 2772 739 2866 Capitolium
763 2767 932 2839 ascendit.
962 2767 1071 2858 Inde,
1095 2794 1140 2840 ne
1164 2795 1240 2840 am-

176 2879 272 2975 plius
300 2879 494 2950 tribunitiis
524 2881 666 2974 injuriis
694 2887 902 2959 vexaretur,
933 2877 972 2944 in
996 2876 1240 2951 voluntarium

177 2988 340 3058 exsilium
352 2991 538 3060 Liternum
551 2990 726 3060 concessit
741 3010 749 3057 τ
765 2991 942 3058 incertum
958 2986 1027 3068 ibi,
1041 3009 1086 3056 an
1100 2991 1240 3081 Roma,

177 3096 378 3171 defunctus.
406 3103 496 3172 Nam
528 3100 605 3194 ejus
636 3099 901 3184 monimentum
932 3095 1129 3194 utrobique
1163 3099 1240 3173 fuit.

176 3210 216 3276 L.
232 3210 351 3306 Scipio
367 3210 562 3296 Asiaticus,
584 3207 694 3279 frater
708 3205 885 3290 Africani,
907 3204 1035 3284 eodem
1053 3210 1242 3305 peculatus

178 3319 327 3390 crimine
349 3335 533 3392 accusatus
550 3319 831 3416 damnatusque,
852 3325 966 3414 quum
988 3319 1026 3386 in
1045 3319 1188 3392 vincula
1206 3338 1243 3394 et

178 3452 358 3517 carcerem
380 3430 590 3517 duceretur,
614 3433 667 3501 Ti.
691 3427 924 3525 Sempronius
951 3426 1158 3516 Gracchus,
1179 3434 1244 3502 tri-

177 3536 300 3610 bunus
317 3539 453 3643 plebis,
475 3544 539 3638 qui
558 3553 664 3612 antea
679 3536 907 3636 Scipionibus
926 3536 1091 3608 inimicus
1107 3536 1242 3634 fuerat,

179 3650 398 3738 intercessit,
418 3667 454 3722 et
471 3649 520 3722 ob
538 3647 575 3744 id
595 3649 814 3722 beneficium
829 3645 990 3746 Africani
1004 3645 1241 3738 filiamduxit,

212 3813 283 3858 Errr.
302 3811 451 3859 XXXVIII.
474 3828 495 3858 1.
522 3811 571 3874 Qui
590 3813 687 3858 Brenno
768 3827 792 3859 a.
805 3809 881 3858 Censa
894 3827 913 3858 s.
927 3810 971 3858 civ.
986 3808 1070 3874 capita
1078 3809 1203 3861 CCLVIII
1210 3831 1242 3865 m.

177 3886 238 3936 duce
260 3889 285 3936 in
304 3890 390 3937 Asiam
409 3888 569 3947 transierant,
589 3890 616 3937 in
638 3906 688 3954 quo
732 3901 756 3937 et
766 3889 940 3936 CCCXXVIII
944 3903 955 3947 ς
968 3891 1032 3938 sorte
1046 3901 1071 3938 et
1078 3891 1244 3945 CCCXVIII:

177 3978 262 4016 auctor
282 3967 387 4017 discedit
400 3986 414 4016 a
427 3967 505 4017 Livio.
524 3969 596 4021 Cous.
612 3969 688 4019 Periz.
733 3983 805 4031 quem
815 3983 942 4018 numerum
951 3967 1018 4033 apud
1027 3971 1081 4021 Liv.
1092 3973 1245 4035 XXXVIII,

176 4047 259 4096 Anim.
278 4047 344 4096 Hist.
366 4064 420 4112 cap.
443 4063 471 4110 9,
493 4065 550 4114 pag.
572 4049 633 4110 376.
654 4074 689 4086 -—
735 4048 767 4094 36
787 4058 851 4095 extr.
872 4063 903 4095 ex
922 4047 978 4096 cod.
1000 4047 1114 4114 Moguut.
1139 4054 1245 4104 restituit

179 4125 330 4192 Ortiagonris
338 4143 370 4176 ex
380 4126 477 4176 emend.
491 4128 575 4192 SIgon.
586 4144 632 4194 pro
644 4130 688 4177 Or-
733 4127 857 4176 Drakeub.
871 4128 911 4176 Ibi
923 4139 1003 4177 tamen
1016 4141 1042 4178 et
1054 4129 1079 4179 b.
1097 4131 1113 4182 l.
1131 4147 1245 4183 numerus

176 4201 305 4267 giagonris.
732 4209 808 4256 variat
828 4209 854 4256 in
875 4209 938 4258 MSS
957 4220 982 4258 et
1003 4208 1059 4258 edd.
1079 4221 1139 4258 anu.
1164 4227 1244 4274 neque
