2970 4712
201 338 224 376 i.
238 341 260 378 c.
276 337 319 390 ιω.

200 397 318 439 actis.
453 361 601 426 LIBER
625 319 737 462 xcv.
760 361 861 426 cir.
886 361 960 426 xi..
1161 355 1228 427 353

222 481 295 548 XL.
310 482 492 548 Summam
505 480 622 548 omnis
636 478 784 574 captivi¹
802 482 878 548 auri
895 481 1103 575 argentique
1118 494 1230 550 trans-

174 587 236 656 lati
255 589 455 658 sestertium
474 585 600 658 millies
618 585 928 658 ducentiesfuisse
940 597 967 672 ²,
984 587 1141 658 Valerius
1160 595 1230 660 An-

175 697 241 765 tias
258 693 386 764 tradit:
410 720 489 791 quae
509 693 606 766 haud
628 695 737 766 dubie
761 695 874 788 major
894 695 1075 790 aliquanto
1092 722 1230 768 summa

176 829 221 876 ex
235 829 385 875 numero
400 806 639 903 plaustrorum
654 804 950 902 ponderibusque
968 807 1062 892 auri,
1078 811 1230 902 argenti,

175 916 371 1010 generatim
386 913 525 1012 abipso
542 905 702 1010 scriptis,
718 913 882 984 efficitur.
900 913 1060 984 Alterum
1076 929 1231 1004 tantum,

176 1038 238 1094 aut
261 1025 298 1094 in
320 1023 457 1094 bellum
480 1024 682 1120 proximum
708 1021 957 1120 absumptum,
982 1039 1043 1094 aut
1065 1026 1102 1094 in
1126 1024 1231 1123 Iuga,

151 1189 157 1200 .
177 1157 296 1230 quum,
310 1132 563 1204 Samothracen
585 1141 743 1230 peteret,
761 1131 969 1229 dissipatum
987 1133 1155 1205 tradunt:
1176 1161 1232 1206 eo-

178 1265 249 1336 que
274 1240 310 1310 id
334 1239 529 1312 mirabilius
551 1257 646 1328 erat,
670 1241 770 1337 quod
795 1257 933 1312 tantum
956 1245 1116 1340 pecuniae
1139 1245 1233 1316 intra

177 1351 322 1446 triginta
345 1375 458 1421 annos
485 1366 566 1448 post
592 1349 729 1421 bellurn
756 1349 910 1447 Philippi
936 1373 1018 1420 cum
1041 1356 1232 1441 Romanis,

212 1558 275 1605 Car.
288 1557 342 1605 XL.
356 1557 479 1602 Summum
492 1554 568 1601 amnis
579 1553 679 1617 captivi,
728 1556 846 1614 tosqso.
868 1557 913 1604 En.
927 1583 962 1591 -
975 1558 1034 1616 Quae
1055 1557 1147 1622 (immo
1167 1576 1230 1624 qua,

178 1647 224 1684 etc.
233 1635 285 1683 haec
294 1637 387 1704 adnepa
399 1635 557 1699 descriptioni
567 1629 683 1698 triumphi
727 1633 909 1697 Gron.)liand
925 1635 997 1682 drebie
1013 1637 1233 1702 nrajoraliquanto
1332 1633 1334 1642 '

178 1715 269 1772 Paulli,
279 1731 332 1778 quae
341 1715 478 1774 intercidit,
487 1713 589 1779 petenda
598 1731 611 1762 e
619 1714 682 1762 Plut.
726 1727 820 1758 summa
831 1729 864 1759 ea·
874 1729 973 1760 numero
977 1716 1144 1777 plaustrorum
1150 1754 1157 1765 .
1164 1751 1183 1763 ..
1193 1723 1235 1782 ge-

178 1795 195 1843 l.
208 1796 226 1843 l.
237 1794 347 1841 Paullum
360 1810 417 1842 vero
429 1809 473 1858 per
486 1793 592 1842 triduum
603 1794 683 1840 trium·
726 1790 843 1846 iteratim,
864 1801 910 1838 etc.
930 1792 992 1840 Iorte
1010 1793 1148 1857 speciatim,
1164 1797 1232 1860 Pigh.

178 1865 278 1937 phasse,
295 1875 339 1930 lV,
355 1875 407 1932 ΙΙΙ,
423 1885 447 1921 et
461 1873 525 1937 prid.
539 1871 589 1922 Cal.
607 1875 682 1930 Dec,
727 1871 792 1916 Anu.
803 1869 834 1915 ad
845 1887 867 1917 a.
879 1871 938 1916 586.
948 1873 996 1918 Pro
1003 1873 1168 1935 plaustrorum
1180 1876 1233 1922 Jac.

179 1953 268 2000 docent
281 1951 367 1999 tabulae
378 1951 483 2016 Capitol.
726 1947 802 1996 Pcriz.
818 1949 918 2008 conjicit
931 1948 1110 2013 Philippeorum
1124 1969 1133 1998 :
1146 1951 1235 2000 horum

215 2047 239 2095 a.
252 2028 389 2076 Sestertium
405 2028 489 2078 millies
505 2028 644 2076 ducenties:
660 2040 684 2076 at
728 2027 792 2074 enim
808 2029 957 2076 mentionem
969 2029 996 2076 in
1013 2030 1126 2078 omnihus
1143 2033 1234 2079 Graecis

180 2107 215 2156 bis
224 2108 307 2156 millies
321 2108 409 2156 centies
419 2109 486 2172 apud
491 2107 556 2156 Vell.
565 2110 588 2166 Ι,
601 2103 637 2170 93'
649 2119 686 2154 ter
728 2106 890 2170 Asiaticisqne
902 2107 1030 2170 triumphis
1039 2105 1091 2156 lieri
1102 2109 1234 2174 (XXXIV,

180 2189 272 2244 millies,
279 2191 317 2236 vel
326 2189 410 2252 potins
423 2187 457 2234 bis
466 2185 551 2234 millies
562 2185 685 2234 trecenties
730 2183 776 2242 523
786 2185 919 2242 XXXVII,
932 2186 975 2246 593
988 2187 1114 2245 XXXIX,
1128 2188 1151 2245 5,
1162 2205 1186 2236 n.
1199 2187 1233 2252 7),

180 2268 427 2332 apellatum,
439 2267 461 2323 3,
472 2279 515 2313 seu
525 2281 564 2325 17·
575 2268 623 2314 Sex
631 2266 685 2313 mil·
728 2275 753 2310 et
762 2265 886 2327 praecipne
894 2266 920 2310 in
927 2264 1101 2313 Macedonicos
1116 2269 1231 2314 conveni-

179 2347 211 2394 lia
219 2347 410 2420 talentopumap.
418 2344 683 2416 SnidamtatqueeCIc.

181 2425 230 2474 Off.
240 2429 275 2483 11,
287 2436 329 2483 aa,
342 2421 402 2472 Plin.
415 2424 433 2471 l.
445 2423 462 2470 l.
473 2435 497 2471 et
507 2423 572 2480 aliis,
583 2424 625 2486 qni
635 2433 683 2471 tra-

181 2504 256 2562 dunt,
273 2503 392 2568 populum
409 2518 470 2548 rom.
492 2501 590 2550 desiisse
605 2502 636 2548 ab
653 2518 683 2550 eo

181 2594 289 2646 ternpore
302 2580 419 2629 tributum
430 2579 551 2644 pendere,
568 2579 683 2628 credibile

181 2660 216 2719 iit,
224 2661 343 2708 neminem
351 2675 425 2709 unum
431 2668 487 2706 ante
494 2657 603 2706 Paullum
608 2658 684 2721 egisse

181 2741 360 2808 opulentIorem
373 2736 536 2799 triumphum
548 2747 572 2782 at
582 2736 620 2784 his
632 2736 684 2782 mil-

130 2873 131 2876 ,
182 2822 225 2867 lies
238 2823 267 2867 L.
276 2817 359 2880 Scipio
374 2816 471 2863 devicto
484 2814 607 2862 Antiocho
620 2816 684 2862 intu-

181 2900 249 2956 lerat,
256 2908 284 2944 ut
292 2897 344 2959 Ipse
350 2895 402 2943 liv.
412 2893 589 2954 xxxv11,⁵9
599 2892 683 2948 tradit;

183 2978 260 3024 Gron.
272 2974 336 3022 Hinc
349 2972 390 3020 ille
400 2971 425 3017 in
436 2970 501 3018 nous
513 2969 544 3016 ad
556 2970 581 3016 h.
592 2970 610 3017 l.
621 2980 645 3017 et
658 2969 685 3015 in

182 3071 270 3104 comm.
285 3053 315 3100 de
326 3051 425 3101 sestert.
437 3067 463 3114 p.
476 3051 531 3106 103,
542 3050 568 3096 in
577 3048 646 3094 Livio
660 3059 685 3095 et

182 3134 276 3182 Velleio
283 3129 411 3196 legendum
420 3138 501 3176 censet
508 3125 612 3175 sestertii
619 3125 685 3190 (vide

182 3214 214 3260 ad
228 3229 281 3276 cap.
295 3219 324 3273 4,
340 3227 364 3258 n.
381 3207 409 3272 1)
423 3206 457 3254 bis
466 3205 550 3254 millies
566 3205 685 3252 ducenties

728 2358 766 2400 re;
778 2359 854 2405 neque
862 2343 970 2414 pecuniae
979 2361 1132 2392 summamex
1140 2347 1234 2394 vehicu-

727 2420 806 2468 lorum
812 2421 1235 2488 multitudineexacteeognoscipos·

728 2515 766 2557 se;
775 2510 889 2562 praeterea
898 2500 962 2547 Plnt.
972 2501 989 2548 l.
999 2501 1016 2549 l.
1027 2501 1126 2560 docere,
1136 2519 1232 2550 omnem

727 2577 855 2640 pecuniam
865 2593 913 2624 non
922 2577 1036 2640 plaustris
1043 2591 1144 2635 vectam,
1152 2581 1195 2628 sed
1202 2583 1232 2628 ab

727 2655 819 2718 aliquot
827 2655 953 2702 hominum
963 2656 1069 2704 millibus
1079 2658 1102 2708 is
1115 2658 1234 2726 ἀγγείοις,

728 2734 755 2778 in
764 2735 827 2781 vasis
841 2745 963 2796 portatam
975 2751 1035 2783 esse.
1048 2758 1061 2776 α
1069 2736 1132 2784 Satis
1144 2738 1234 2799 proba-

728 2811 782 2858 bilis
795 2823 831 2859 est
844 2812 982 2872 conjectura
998 2814 1056 2872 ejus.
1076 2814 1123 2860 Sed
1136 2831 1192 2862 cum
1205 2833 1233 2864 ea

727 2905 812 2954 parum
821 2890 949 2946 convenit,
958 2889 1025 2952 quod
1035 2892 1061 2936 in
1068 2891 1132 2940 Dies.
1142 2893 1232 2942 deIEre

728 2967 809 3030 gravi,
820 2967 835 3030 S
846 2968 887 3024 23,
896 2967 1005 3030 scripsit,
1016 2970 1143 3031 pecuniam
1153 2971 1232 3028 illam,

728 3061 800 3108 quam
818 3044 947 3104 Servilius,
965 3061 1018 3109 cap.
1036 3049 1083 3108 39,
1102 3049 1129 3094 in
1151 3051 1232 3112 praeda

728 3123 823 3172 Maced.
843 3122 914 3170 luisse
939 3124 1010 3184 dicit,
1035 3127 1061 3172 in
1083 3113 1232 3190 ponderIbus

729 3203 781 3250 anri
799 3214 824 3250 et
840 3204 932 3264 argenti
948 3205 1097 3261 constitisse,
1112 3208 1148 3254 vel
1168 3219 1232 3256 certe

183 3293 222 3342 vel
236 3291 366 3340 trecenties.
380 3288 508 3338 Enimvero
522 3285 616 3332 Livium
628 3283 653 3331 h.
666 3283 683 3330 l.
727 3281 757 3327 iis
774 3280 913 3328 aestimatam
929 3282 1011 3331 inisse.
1030 3285 1092 3332 Nam
1105 3289 1125 3334 si
1143 3287 1184 3334 hic
1197 3287 1232 3336 le-

183 3372 323 3429 ostendere,
343 3369 420 3417 multo
439 3366 555 3414 minorem
575 3363 684 3428 pecuniae
728 3354 834 3422 gendum
853 3370 889 3406 est
909 3359 1101 3424 Philippeorum,
1124 3376 1233 3428 apertum

183 3465 298 3499 summam
312 3447 430 3496 aValerio
443 3445 555 3504 disticte,
570 3459 642 3506 quam
654 3441 685 3489 ah
729 3448 776 3498 est,
785 3438 912 3501 pecuniam
928 3439 958 3486 ab
974 3457 1035 3487 auro
1044 3453 1076 3494 ,et
1086 3455 1186 3506 argento
1196 3445 1233 3492 sli-

183 3531 236 3577 aliis
244 3525 402 3590 scriptoribus
410 3523 461 3581 edi,
472 3533 495 3570 et
505 3522 628 3585 aliquanto
638 3537 686 3568 ma·
729 3517 832 3578 stingui,
846 3528 869 3565 et
886 3533 1010 3564 reimerum
1029 3519 1060 3566 ad
1078 3519 1232 3583 Philippeos,

181 3610 260 3670 iorem
270 3621 301 3654 ex
309 3619 410 3652 numero
420 3602 583 3665 plaustromm
592 3598 686 3663 ponde·
727 3595 838 3659 pondera
850 3596 881 3642 ad
892 3611 976 3644 aarum
988 3609 1011 3644 et
1022 3610 1147 3661 argentum
1159 3603 1234 3662 perti-

185 3685 298 3747 ribasqne
308 3682 396 3729 auri-et
408 3680 501 3743 argenti
514 3678 643 3742 generatim
655 3675 686 3723 ah
729 3691 801 3734 nere;
817 3690 861 3722 nec
878 3675 1021 3739 pecuniam,
1041 3676 1083 3724 sed
1105 3693 1188 3725 aarum
1209 3690 1233 3727 et

184 3766 239 3828 ipso
257 3760 393 3808 memoratis
409 3757 487 3814 effici,
503 3759 553 3816 iarn
571 3770 687 3801 monuere
729 3765 854 3817 argentum
877 3770 928 3801 non
949 3755 1069 3817 signatum
1092 3756 1233 3804 aestimatum

185 3846 256 3894 Crev.
269 3851 294 3888 et
304 3838 544 3886 Drah-Caeterum,
556 3833 688 3881 sestertium
729 3833 818 3892 fuisse,
831 3845 857 3880 ut
868 3833 898 3879 ad
913 3833 1017 3880 rationes
1027 3845 1051 3881 et
1063 3851 1179 3883 summam
1191 3853 1233 3900 pe·

186 3918 270 3968 millies
279 3911 472 3971 ducenties‚fieri
481 3913 514 3959 ait
525 3913 594 3960 Crev.
605 3921 688 3958 sester-
730 3913 807 3958 cuniae
819 3911 916 3974 signatae
929 3910 1005 3974 redigi
1016 3926 1105 3975 posset.
1116 3936 1128 3956 a
1139 3914 1231 3964 Duker,

186 3989 233 4047 ties
241 3990 596 4054 rao‚ooo‚ooo;librasargemi
604 3977 687 4053 pondo
732 4016 766 4024 -
778 3992 807 4036 Ia
821 3989 907 4036 bellum
918 3990 1072 4051 proximum,
1090 3993 1151 4040 Iorte
1157 3995 1234 4056 potis-

187 4092 295 4124 romanas
318 4075 440 4128 domooo,
461 4085 550 4116 marcas
571 4079 689 4116 nostrates
732 4066 830 4123 simum,
845 4079 1031 4116 antromauum.

1048 4155 1092 4224 23

311 4161 412 4226 VIII.
459 4203 461 4208 -
