2976 4712
259 375 331 462 416
662 369 915 440 EPITOMAE

258 495 494 594 fugatusque,
515 493 769 564 Macedoniam
782 512 863 558 cum
875 514 997 588 prope
1017 493 1148 564 inermi
1165 497 1324 582 exercitu

258 606 424 705 perfugit.
445 605 497 677 ud
511 604 548 710 iil
562 603 698 706 bellum
713 599 912 697 gerendum
925 601 1088 672 Valerius
1102 618 1236 699 praetor
1250 607 1324 690 mis·

260 742 320 788 sus
336 731 399 787 est.
419 720 487 786 Res
501 729 673 812 praeterea
689 714 727 780 in
745 711 914 806 Hispania
931 735 950 780 a
966 715 1002 780 P.
1020 727 1056 782 et
1074 718 1139 785 Cn.
1155 714 1324 812 Scipioni·

171 902 173 904 ,
257 826 326 897 bus
340 826 510 897 adversus
520 822 829 919 Carthaginienses
843 835 959 918 gestas
972 825 1147 894 continet.
1163 823 1321 921 Syphax,

257 961 320 1008 rex
332 933 585 1017 Numidarum,
599 933 639 1002 in
649 930 839 1002 amicitiam
852 929 1024 1016 adscitus,
1040 945 1109 1001 eta
1125 923 1321 1020 Masinissa,

259 1071 343 1144 rege
368 1044 625 1143 Massylorum‚
648 1066 715 1140 pro
743 1039 1097 1136 Carthaginiensibus
1121 1031 1322 1139 pugnante,

259 1158 393 1242 uictus,
411 1158 448 1224 in
465 1153 687 1224 Maurusios1
710 1176 793 1222 cum
814 1175 942 1248 magna
960 1175 1072 1221 manu
1089 1154 1228 1223 transiit
1244 1179 1324 1224 cou-

259 1282 315 1337 tra
334 1265 472 1351 Gades,
492 1263 557 1335 ubi
579 1277 731 1361 angusto
753 1260 846 1333 freto
865 1259 983 1331 Africa
1002 1277 1038 1332 et
1055 1264 1226 1360 Hispania
1243 1263 1323 1333 diri-

260 1392 419 1448 muntur.
441 1373 614 1446 Celtiberi
633 1396 781 1468 quoque
799 1373 836 1440 in
855 1371 1046 1441 amicitiam
1065 1374 1203 1468 recepti
1221 1386 1321 1442 sunt:

258 1510 417 1583 quorum
437 1483 577 1554 auxiliis
596 1481 757 1565 adscitis,
778 1495 866 1551 tunc
888 1480 1046 1578 primum
1066 1483 1324 1552 mercenarium

173 1662 176 1670 ,
259 1597 410 1668 militem
427 1618 577 1692 romana
593 1606 707 1663 castra
723 1588 943 1660 habuerunt.

521 1827 747 1922 Eriroum
779 1850 919 1918 imm
950 1852 1068 1920 xxv.

308 2071 344 2137 P.
362 2065 705 2165 CorneliusScipio,
723 2081 847 2165 postea
863 2064 1071 2150 Africanus,
1091 2077 1194 2138 ante¹
1213 2091 1326 2138 annos

260 2177 370 2248 aedilis
393 2177 507 2248 sactus
533 2192 597 2248 est.
623 2172 800 2247 Hannibal
819 2176 949 2248 urbem
965 2182 1180 2263 Tarentum,
1198 2192 1326 2275 praeter

260 2311 397 2375 arcem,
416 2290 578 2385 inquam
597 2282 801 2383 praesidium
818 2292 1066 2357 Romanorum
1086 2286 1243 2384 fugerat,
1261 2311 1326 2385 per

259 2400 471 2471 Tarentinos
479 2400 650 2492 juvenes,
664 2398 728 2494 qui
745 2422 783 2468 se
802 2412 915 2468 noctu
929 2413 1097 2468 venatum
1114 2400 1165 2468 ire
1183 2397 1325 2467 simula·

259 2520 402 2596 verant,
419 2509 524 2606 cepit.
538 2506 633 2578 Ludi
649 2507 872 2604 Apollinares
884 2533 932 2603 ex
949 2509 1072 2578 Marcii
1089 2491 1325 2594 carminibus,

261 2617 393 2716 quibus
423 2617 622 2687 Cannensis
652 2615 771 2688 clades
804 2617 973 2714 praedicta
1005 2615 1140 2705 fuerat,
1173 2619 1326 2688 instituti

260 2745 355 2802 sunt.
371 2731 458 2818 ΑΟ.
476 2728 602 2799 Fulvio
619 2742 655 2798 et
670 2731 735 2825 Ap.
753 2726 904 2798 Claudio
923 2726 1133 2812 consulibus
1157 2727 1325 2800 adversus

259 2847 474 2911 Hannonem
493 2844 689 2910 Poenorum
708 2836 838 2908 ducem
857 2862 1029 2935 prospere
1046 2852 1246 2936 pugnatum
1260 2853 1323 2908 est.

259 2953 310 3021 Ti.
334 2952 567 3048 Sempronius
585 2950 770 3020 Gracchus
789 2950 1007 3047 proconsul,
1027 2948 1072 3020 ab
1095 2949 1237 3047 hospite
1258 2973 1324 3020 suo

260 3067 405 3132 Lucano
429 3061 465 3129 in
492 3060 637 3132 insidias
663 3059 861 3146 deductus,
887 3085 907 3130 a
934 3064 1087 3156 Magone
1116 3057 1325 3132 interfectus

261 3187 325 3242 est.
339 3172 534 3241 Centenius
547 3170 700 3258 Penula,
715 3171 778 3266 qui
793 3172 956 3240 centurio
971 3170 1196 3255 militaverat,
1209 3195 1323 3266 quum

259 3281 405 3379 petisset
422 3304 442 3348 a
461 3294 606 3367 senatu,
624 3295 665 3350 ut
681 3278 750 3350 sibi
768 3281 947 3364 exercitus,
958 3279 1116 3364 daretur,
1130 3277 1323 3375 pollicitus·

260 3414 332 3486 que
343 3401 454 3474 esset,
469 3387 581 3458 sihoc
592 3389 835 3486 impetrasset,
851 3388 896 3458 de
908 3387 1108 3459 Hannibale
1119 3389 1323 3474 victoriam,

260 3515 342 3570 octo
363 3496 521 3569 millihns
540 3501 714 3595 acceptis,
734 3496 887 3568 militum
912 3497 986 3568 dux
1009 3496 1144 3584 factus,
1163 3497 1325 3568 conflixit

294 3730 469 3778 ErinxllIV.
485 3730 544 3776 1.In
556 3727 709 3786 Maurusios‚·
721 3745 767 3792 pro
813 3731 875 3778 sitan
889 3732 930 3779 hic
942 3731 1043 3794 allquod
1058 3733 1153 3794 gravius
1165 3729 1282 3778 mendum
1290 3730 1325 3777 la·

258 3811 297 3870 hio
317 3808 397 3856 verbis
417 3807 550 3871 reperimus
569 3805 596 3855 in
618 3818 679 3856 vett.
697 3808 768 3855 editis
813 3809 1075 3873 tehat:aliquotverba
1085 3809 1237 3858 intercidisse
1247 3811 1325 3872 suspi-

260 3888 285 3934 in
304 3886 448 3950 Hispaniam
466 3885 503 3932 ad
518 3885 661 3950 Scipionem.
683 3887 768 3947 «Quis
813 3904 904 3936 camur.
915 3890 960 3936 En.

259 3965 400 4022 mutaverit,
422 3965 456 4012 uit
477 3964 618 4022 creverim,
641 3965 769 4015 incertum.
849 3969 918 4014 Errr.
932 3968 1015 4035 XXV.
1032 3983 1054 4014 1.
1073 3968 1139 4014 Ante
1151 3983 1230 4015 annus
1242 3967 1324 4031 legiti-

260 4045 306 4094 Sed
320 4044 372 4090 haec
385 4043 522 4090 emendatio
535 4043 661 4108 desumpta
671 4054 707 4090 est
717 4059 771 4108 pro·
815 4061 883 4102 mos,
900 4061 972 4108 quam
987 4045 1072 4092 rocem
1085 4043 1180 4096 addunt
1191 4045 1248 4093 edd.
1262 4055 1325 4092 autt.

260 4124 300 4172 cul
312 4121 388 4182 dubio
402 4137 433 4168 ex
446 4137 500 4184 cap.
513 4129 545 4182 49
555 4122 627 4183 hujus
637 4121 703 4170 libri.
716 4125 771 4170 For·
815 4123 887 4172 Conl.
896 4124 947 4172 Liv.
957 4121 1041 4192 m,
1052 4140 1076 4193 a.
