2970 4712
556 368 893 438 FRAGMENTA.
1187 367 1255 465 375

194 492 246 562 tio
262 490 408 562 demum
426 513 570 574 mense,
591 488 649 559 die
664 488 813 583 jejunii,
833 489 1046 586 Olympiade
1061 493 1257 578 CLXXIX,

195 605 237 673 C.
258 601 417 672 Antonio
441 614 477 671 et
498 604 547 670 M.
562 598 680 670 TuIIio
697 600 871 670 Cicerone
895 599 1121 687 consulibus,
1143 625 1258 697 quum

195 712 317 782 hostes
329 712 366 781 vi
379 711 529 808 ingressi
541 734 618 795 eoa,
632 711 696 806 qui
707 723 809 780 erant
820 710 856 777 in
872 709 1025 806 templo,
1038 709 1258 807 jugularent,

196 822 308 892 nihilo
336 822 451 892 secius
479 845 555 891 rem
579 820 618 890 hi
643 820 799 891 divinam
822 818 938 891 facere
963 820 1258 919 perseverabant,

195 957 316 1028 neque
332 945 432 1002 metu
451 931 528 1001 vitae
545 929 770 1014 amittendae,
788 954 907 1026 neque
927 928 975 999 ob
992 930 1259 1002 multitudinem

193 1045 385 1116 hominum
400 1045 474 1140 jam
493 1067 666 1114 caesorum
688 1045 725 1113 in
742 1040 861 1140 fugam
878 1042 1075 1141 compulsi,
1095 1060 1132 1114 et
1149 1045 1259 1114 satius

136 1165 142 1172 '
195 1179 272 1227 esse
291 1155 378 1241 rati,
401 1152 579 1251 quidquid
600 1154 673 1250 pati
698 1169 791 1224 esset
815 1177 981 1236 necesse,
1000 1152 1044 1223 ad
1063 1155 1156 1250 ipsas
1177 1176 1260 1249 per·

195 1262 288 1336 ferre
307 1287 403 1351 aras,
432 1287 541 1360 quam
566 1261 705 1361 aliquid
730 1261 869 1359 legibus
893 1264 1017 1360 patriis
1041 1277 1261 1362 praeceptum

195 1374 383 1472 negligere.
405 1380 487 1445 Haec
504 1388 622 1444 autem
640 1397 713 1442 non
727 1389 803 1443 esse
817 1369 1000 1457 sabulosa,
1013 1374 1118 1443 unice
1133 1371 1178 1441 ad
1192 1369 1257 1441 fat-

194 1509 267 1554 sam
287 1486 457 1582 pietatem
480 1481 739 1581 praedicandam
763 1484 976 1580 spectantia,
998 1481 1061 1553 sed
1083 1505 1185 1565 vera,
1206 1497 1257 1550 te·

195 1593 365 1662 stimonio
390 1607 494 1680 sunt,
520 1595 584 1689 qui
610 1616 667 1663 res
693 1617 712 1662 a
737 1593 910 1688 Pompeio
937 1607 1052 1689 gestas
1079 1591 1260 1663 memoriae

195 1702 450 1799 prodIderunt3
465 1704 502 1772 in
517 1703 574 1773 his
591 1700 720 1773 Strabo
736 1716 772 1774 et
787 1701 975 1790 Nicolaus‚
992 1726 1032 1773 ac
1050 1716 1179 1798 praeter
1192 1699 1261 1770 hos

196 1815 234 1879 T.
251 1811 390 1922 Livius,
404 1813 560 1882 historiae
574 1836 731 1882 romanae
748 1813 912 1910 scriptor.

188 1967 191 1976 ¹
247 1951 348 2016 Joseph.
363 1954 421 2000 Ant.
436 1952 495 2001 Jud.
511 1953 582 2010 XIV,
598 1961 626 2009 t,
640 1953 668 2010 3,
682 1969 707 2018 p.
720 1952 780 2013 689.

575 2157 645 2223 AD
676 2157 772 2224 LIB.
807 2157 882 2223 CV.

244 2367 431 2434 Britanniae
451 2364 533 2435 licet
550 2363 833 2460 magnitudinem
852 2361 938 2432 olim
953 2387 1078 2451 nemo,
1097 2377 1138 2434 ut
1151 2362 1260 2435 refert

196 2473 334 2557 Livius,
355 2474 613 2544 circumvectus
630 2488 699 2558 est,
723 2472 843 2543 multis
862 2486 983 2542 tamen
998 2473 1079 2543 data
1097 2489 1150 2544 est
1166 2474 1260 2544 varia

196 2584 319 2679 opinio
338 2581 384 2653 de
402 2606 443 2653 ea
463 2582 646 2680 loquendi.
662 2582 664 2586 ’

246 2720 396 2779 minantes,
411 2719 440 2767 de
452 2720 535 2767 Rebus
548 2724 603 2769 Get.
615 2738 668 2785 cap.
682 2715 710 2769 αἶ

534 2927 602 2992 ΑΙ)
637 2930 731 2995 LlB.
769 2933 920 2998 CVIII.

159 3120 171 3136 ’
243 3138 564 3236 Septingentesimo
595 3138 810 3210 conditionis
839 3167 909 3210 suae
938 3166 1034 3211 anno
1057 3147 1139 3211 XIV
1160 3145 1258 3214 vicos

194 3247 271 3341 ejus
294 3246 459 3342 (Romae)
481 3250 657 3318 incertum
673 3248 771 3320 unde
787 3274 1006 3347 consurgens
1019 3250 1163 3322 flamma
1177 3279 1258 3324 con·

194 3360 367 3456 sumpsit:
388 3383 649 3454 necunquam,
664 3375 704 3430 ut
716 3361 765 3430 ait
779 3361 919 3447 LiviuS,
939 3361 1072 3456 majore
1091 3365 1256 3435 incendio

192 3483 325 3539 vastata
341 3485 413 3557 est,
432 3469 522 3541 adeo
541 3485 582 3540 ut
603 3485 685 3568 post
708 3470 848 3569 aliquot
867 3497 980 3542 annos
1001 3476 1118 3544 Caesar
1141 3479 1257 3570 Augu·

193 3592 267 3649 stus
287 3578 332 3648 ad
350 3581 613 3676 reparationem
630 3606 776 3668 eorum,
794 3607 874 3678 quae
891 3599 978 3653 tunc
996 3600 1121 3655 exusta
1139 3600 1256 3669 erant,

191 3711 357 3784 magnam
376 3692 446 3758 vim
464 3692 624 3786 pecuniae
640 3715 683 3761 ex
702 3693 824 3762 aerario
843 3691 991 3789 publico
1010 3692 1157 3790 largitus
1174 3697 1229 3765 sit.

245 3828 315 3873 Oros.
325 3828 374 3882 VI,
393 3835 436 3884 rt,
450 3839 474 3875 et
483 3828 548 3884 VII,
562 3843 591 3884 n,
609 3827 666 3878 coll.
683 3829 774 3893 Obseq.
788 3829 819 3876 de
830 3829 905 3876 Prod.
919 3845 972 3894 cap.
986 3831 1034 3877 125
1042 3866 1049 3890 ,
1062 3849 1094 3878 ex
1106 3832 1194 3895 quibus
1205 3835 1255 3882 coI-

190 3908 282 3970 Iigitur‚
294 3909 342 3956 hoc
353 3909 491 3957 incendium
502 3911 575 3957 fuisse
586 3927 651 3959 anno
660 3914 775 3976 proximo
783 3922 839 3960 ante
851 3911 941 3960 bellum
953 3912 1023 3960 civile
1036 3915 1099 3961 inter
1113 3916 1255 3980 Pompeium

191 4002 215 4038 et
224 3992 354 4049 caesuram,
367 3995 435 4054 cujus
449 3994 545 4041 initium
561 4007 707 4043 memoratur
719 3998 804 4063 primis
816 3994 896 4043 verbis
908 3996 974 4059 Epit.
984 3996 1050 4045 CIX.
