2972 4720
199 367 324 468 {12533313
396 386 546 456 menn
571 387 691 454 xnn.
718 385 821 456 ose.
849 384 1024 456 xxxvi
1186 388 1234 460 63

173 523 323 594 cresset,
345 522 381 578 et
399 505 557 605 populus
571 507 741 600 jussisset.
763 511 806 578 In
828 505 940 578 eedem
958 505 1113 580 Bellonae
1130 511 1168 580 in
1186 535 1236 582 se·

174 635 299 704 natum
323 616 520 689 introducti
542 617 591 688 ita
613 614 723 688 verba
745 613 931 688 feceruut:
954 621 1087 690 Mirari
1103 623 1235 691 Persea

173 753 310 826 regem,
326 728 419 826 quid
429 734 465 797 in
482 727 738 798 Macedoniam
752 731 928 796 exercitus
943 734 1176 830 transpuncti
1185 753 1235 800 es·

171 856 259 910 sent.
283 843 323 911 Si
346 844 530 936 impetrari
552 864 576 907 a
599 851 727 921 senatu
739 853 884 935 posset,
907 853 949 907 ut
967 843 996 908 ii
1017 855 1232 925 revocentur,

172 975 293 1046 regem
312 946 358 1020 de
379 950 534 1042 injuriis,
555 953 588 1017 si
605 972 698 1052 quas
716 952 821 1018 sociis
828 948 975 1038 saetas,
993 963 1234 1045 quererentur,

172 1057 350 1156 arbitratu
373 1073 518 1128 senatus
545 1063 632 1128 satis
649 1059 841 1148 facturum
870 1080 954 1129 esse.
977 1061 1037 1156 Sp.
1061 1059 1255 1130 Carvilius·

173 1167 219 1240 ad
238 1193 317 1240 eam
334 1169 447 1265 ipsam
460 1189 539 1238 rem
556 1191 600 1238 ex
614 1168 749 1238 Gtaecia
767 1167 935 1238 remissus
955 1165 1001 1240 ab
1021 1171 1086 1240 Cn.
1100 1168 1234 1240 Sicinio

128 1305 131 1318 ·
174 1281 211 1348 in
240 1292 366 1348 senatu
399 1291 485 1348 enat.
516 1281 551 1346 Is
576 1274 816 1348 Pen⁴haebiam
843 1292 1081 1374 expugnatam
1108 1280 1235 1363 armis,

173 1387 358 1474 Thessalia
376 1387 515 1484 aliquot
531 1385 641 1458 urbes
659 1402 794 1484 captaS,
814 1402 958 1475 caeteca,
974 1411 1054 1483 quae
1074 1403 1136 1461 aut
1153 1413 1234 1485 age-

173 1513 248 1586 ret,
270 1512 333 1569 aut
351 1513 492 1595 pararet
508 1522 593 1585 rex,
615 1522 728 1594 quum
746 1512 928 1594 argueret,
947 1495 1168 1594 respondem
1190 1498 1235 1570 ad

174 1633 215 1679 ea
240 1607 346 1704 legati
368 1607 468 1702 jussi.
502 1611 695 1704 Postquam
721 1606 952 1693 haesitabant,
977 1620 1147 1703 negantes
1166 1605 1235 1680 sibi

156 1721 268 1809 ‚ultra
279 1719 478 1818 quidquam
491 1717 697 1790 mandatum
714 1743 809 1806 esse,
821 1719 910 1814 jussi
923 1719 1129 1790 renuntians
1140 1719 1234 1814 cogi,

178 1825 366 1897 Consulem
383 1834 426 1898 P.
441 1833 618 1899 Licinium
634 1827 732 1898 brevi
748 1853 831 1898 cum
848 1829 1180 1918 ememimsutstrum
1198 1834 1235 1898 in

174 1937 393 2008 Macedonia
408 1963 494 2010 esse.
513 1939 581 2008 Ad
590 1963 695 2025 emm,
713 1943 747 2011 si
758 1940 977 2028 satisfacere
990 1943 1028 2008 in
1041 1943 1167 2008 animo
1179 1963 1236 2008 es·

173 2064 241 2134 set,
256 2054 409 2118 mitteret
424 2047 565 2144 legatos.
577 2053 741 2120 ,Romam
755 2049 860 2146 quod
866 2063 1049 2146 praeterea
1066 2052 1233 2133 mitteret,

173 2181 247 2226 aon
266 2183 364 2228 esse:
384 2163 561 2229 neminem
579 2181 783 2256 eorumper
794 2158 940 2229 Italiam
954 2163 1027 2228 ἐνθ’
1046 2155 1234 2230 liciturum.

173 2270 225 2336 lta
242 2265 417 2354 dimissis,
435 2272 472 2337 P.
494 2263 630 2338 Licinio
654 2269 793 2340 consuli
812 2255 1040 2356 mandatum,
1058 2268 1151 2338 intra
1170 2293 1237 2338 nn·

173 2375 354 2446 decimum
369 2375 465 2447 diem
477 2376 622 2470 juberet
634 2403 699 2450 eos
712 2378 812 2449 Italia
825 2377 1017 2465 excedere,
1032 2393 1068 2448 et
1081 2381 1143 2475 Sp.¹
1156 2381 1236 2448 Car-

174 2484 299 2556 vilium
319 2487 497 2572 mitteret,
522 2489 604 2582 qui,
629 2487 747 2559 donec
772 2512 899 2560 navem
925 2488 1235 2576 conscendissent,

171 2595 380 2668 emtodiret.
398 2600 482 2666 Haec
494 2601 615 2668 Romae
627 2613 722 2686 acta,
739 2599 903 2670 noitdum
918 2597 1087 2697 profectis
1101 2601 1139 2668 in
1153 2623 1236 2696 pso-

174 2706 323 2782 vinciam
339 2705 559 2777 consulibus.
572 2712 649 2778 Iam
660 2712 726 2779 Cn.
739 2711 909 2797 Sicinius,
919 2710 1000 2804 qui,
1012 2709 1113 2806 prius
1125 2732 1234 2803 quain

173 2815 381 2911 magistratu
399 2813 533 2903 abiret,
551 2816 780 2888 Brundisium
795 2818 841 2889 ad
856 2818 1001 2890 classem
1022 2817 1118 2890 etad
1138 2841 1236 2888 exer·

172 2926 286 2993 citum
314 2925 518 3018 praemissus
544 2940 639 3012 erat,
665 2927 818 3020 trajectis
839 2929 876 2996 in
896 2929 1051 3023 Epirum
1074 2926 1236 3020 quinque

173 3029 333 3101 millibus
344 3027 700 3126 peditu'mmceoentis
710 3031 927 3130 equitibu53,
941 3035 986 3104 ad
996 3033 1234 3130 Nymphaeum
1319 3111 1321 3118 ¹

174 3271 210 3290 ·-
219 3255 250 3300 In
258 3249 335 3299 adem
348 3248 470 3305 Belicam
479 3249 536 3298 vids
546 3249 578 3298 ad
586 3252 685 3312 XXVI,
711 3302 712 3305 ,
728 3252 792 3300 enim
803 3253 868 3302 nuk.
878 3280 913 3291 -
924 3255 967 3306 lca
977 3250 1094 3308 dimissis,
1107 3268 1144 3300 sc.
1155 3251 1195 3300 iis.
1209 3251 1237 3300 Si

175 3348 223 3388 as,
242 3347 270 3378 n.
296 3346 318 3377 1.
341 3327 425 3375 Scribe
446 3326 471 3374 iu
489 3327 541 3374 cede
563 3330 684 3387 Bellonoe3
728 3332 768 3379 cui
786 3348 845 3380 vero
866 3331 993 3396 displiceat
1014 3331 1050 3379 ita
1069 3329 1173 3378 dimissis
1187 3330 1234 3388 iis,

175 3413 253 3458 Gron.
263 3407 311 3456 Sed
316 3407 434 3464 similiter,
443 3407 553 3467 XXXII,
564 3417 588 3466 4,
596 3409 685 3474 legitur
728 3425 768 3458 eos
789 3409 904 3458 excedere
914 3445 923 3467 ‚
947 3409 1028 3459 videat
1040 3409 1070 3458 ad
1084 3409 1237 3469 XXXVIII,

175 3488 201 3535 in
213 3485 384 3535 Macedoniam
397 3484 421 3532 in
435 3484 536 3534 hiberna
555 3487 639 3552 copias
649 3505 684 3537 m·
727 3489 828 3548 54,υῇ
836 3490 984 3538 M.Poeclus
994 3487 1235 3546 &todiciturmtim

176 3566 249 3614 duxit
253 3585 264 3624 ,·
274 3565 349 3615 Drak.
647 3594 651 3600 ·
727 3584 823 3634 quoque
831 3583 869 3626 eo,
879 3569 996 3633 Scipione
1005 3569 1106 3626 seilicet,
1115 3559 1236 3615 allatiarae

211 3661 235 3694 2.
247 3643 373 3691 Neminem
386 3661 468 3693 coriam
478 3663 523 3710 per
535 3646 637 3694 Italiam
649 3645 685 3694 irs
727 3647 779 3713 ejus
793 3646 983 3712 snagnitudinem
997 3647 1097 3704 solitus,·
1111 3646 1176 3693 conf.
1191 3660 1236 3692 cae-

175 3723 296 3772 liciturum
306 3740 316 3770 .·
332 3739 417 3771 vocem
432 3726 550 3773 neminem
566 3725 615 3791 (ut
632 3728 683 3785 111,
728 3738 806 3775 terum
818 3725 957 3784 Drakenb,
968 3728 1011 3790 qui
1024 3725 1110 3772 multis
1120 3723 1237 3787 exemplis

177 3802 230 3866 40)
252 3805 278 3850 in
301 3819 350 3850 non
377 3820 522 3868 quemquam
543 3805 685 3854 solvendam
729 3806 812 3870 graecis
821 3817 889 3870 aeqne
900 3823 928 3854 ac
939 3805 1021 3853 latinis
1034 3804 1061 3851 ld
1070 3802 1188 3866 loquendi
1196 3817 1238 3866 ge-

176 3883 305 3930 censebant
318 3883 393 3930 Periz.
403 3883 435 3930 ad
451 3884 542 3932 sanctii
550 3885 614 3932 min.
631 3887 682 3943 111,
728 3901 775 3932 nus
784 3885 898 3932 illustrat.
908 3886 956 3932 Eo.

177 3977 202 4020 7·
216 3977 240 4008 ¹¹·
256 3969 284 4020 l,
303 3971 328 4008 et
343 3963 411 4011 Cort·
428 3962 460 4010 ad
474 3961 529 4011 Sall.
543 3964 601 4027 Jug.
617 3963 683 4021 106,
766 3965 789 4013 3.
816 3963 931 4028 Trajeceis
954 3960 978 4008 in
1003 3959 1105 4023 Epirum
1132 3960 1238 4024 quinque
1318 3983 1322 3992 ι
1367 3989 1370 3998 -

177 4055 202 4087 n.
217 4039 243 4086 3.
258 4041 309 4087 lter
318 4051 369 4088 tuto
378 4039 508 4106 facturam
522 4043 586 4102 conj.
601 4041 625 4090 J.
644 4045 683 4090 Fr.
729 4042 833 4091 millibus
840 4041 963 4106 peditum,
977 4039 1037 4088 OCC
1048 4037 1239 4103 equitilnssocd

179 4119 256 4166 Gron.
275 4119 366 4166 nemini
382 4123 437 4169 Jac.
459 4122 536 4169 Gron.
558 4131 581 4168 et
597 4120 687 4169 memmi
729 4121 820 4170 Sicinio
837 4121 912 4186 longe
925 4120 1040 4179 majorem
1058 4118 1131 4166 fuisse
1144 4117 1238 4164 exerci-
1261 4123 1265 4128 ’
