2966 4708
468 656 964 786 EXCURSUS

185 957 237 1012 DE
257 951 416 1010 lTlNERE
441 950 553 1022 QUOD
577 947 694 1022 SEQUI
719 950 865 1006 DEBUIT
887 949 1108 1018 HANNIBAL,
1136 952 1252 1020 QUUM

225 1086 300 1141 PER
327 1081 561 1138 APENNINUM
583 1082 610 1135 A
632 1081 773 1137 TREBIA
798 1079 852 1136 AD
876 1080 1092 1137 trasitium
1118 1081 1253 1136 LACUM

226 1215 490 1274 PROPERARET.

485 1456 546 1502 us.
569 1455 661 1516 xxn,
678 1455 749 1504 car.
769 1456 795 1514 1,
815 1456 856 1502 nr
878 1455 952 1518 sQQ.

575 1703 862 1742 -Q-

192 1907 325 2008 Murri
343 1953 382 2004 et
390 1936 611 2001 doctissimi
582 1937 642 1998 vrri
662 1935 872 2025 diligentibus
888 1935 1073 2000 studiorum
1090 1939 1175 2003 curis
1195 1940 1257 2002 ho-

192 2041 341 2108 diernttm
358 2037 399 2103 ad
417 2040 507 2102 bunc
526 2035 612 2102 diem
627 2035 761 2101 definire
778 2053 986 2104 tentaverunt
994 2062 1168 2128 ,quaenam
1180 2040 1257 2130 juga

191 2167 249 2231 per
264 2143 396 2238 Alpium
414 2155 535 2203 tractus
556 2138 682 2226 ruperit
705 2131 884 2222 Hannibal,
908 2139 997 2204 unde
1015 2163 1092 2204 cum
1110 2144 1256 2208 exercitu

191 2268 252 2308 suo
269 2246 303 2308 in
316 2244 440 2309 Italiam
454 2240 667 2307 descenderit.
678 2239 739 2306 Aln
746 2240 930 2330 Polybium,
938 2240 991 2306 alu
1000 2243 1111 2308 Titum
1120 2244 1259 2327 bivium,

193 2362 300 2411 tantos
315 2345 525 2412 historiarum
541 2344 731 2440 scriptores,
746 2343 865 2408 ducem
881 2347 1030 2432 sequuti,
1047 2347 1148 2412 modo
1165 2348 1261 2430 huic,

193 2447 293 2512 modo
311 2449 357 2511 illi
374 2449 512 2536 palmam
533 2447 674 2512 victoriae
692 2435 897 2528 detulerunt3
914 2449 1065 2512 nonnulli
1083 2464 1262 2539 utrumque

193 2535 234 2614 de
246 2549 387 2612 facinore
402 2548 491 2610 hoc
481 2561 567 2610 mter
579 2548 689 2610 omnia
698 2563 778 2610 tunc
791 2547 1005 2612 audacissimo
1018 2548 1261 2615 dissentientem

194 2650 368 2714 conciliare
387 2647 496 2712 conati
519 2663 613 2728 sunt,
636 2664 734 2736 atque
749 2655 862 2710 omnes
883 2647 917 2710 in
940 2647 1026 2710 banc
1049 2651 1261 2734 quaestionem

195 2770 260 2818 tant
279 2773 379 2839 saepe,
398 2766 464 2814 tam
480 2748 596 2812 acriter
614 2746 879 2840 disputaverunt,
897 2761 936 2812 ut
953 2747 1091 2811 dubium
1108 2771 1178 2814 esse
1194 2750 1262 2814 fere

194 2852 407 2932 crediderim,
432 2866 545 2913 utrum
564 2849 638 2940 plus
658 2847 845 2911 Hannibal
836 2870 870 2910 ιιι
889 2845 1071 2963 aperiendis
1092 2871 1150 2937 per
1166 2851 1261 2938 Alpes
1313 2915 1314 2926 ,

196 2953 386 3034 itineribus,
410 2973 452 3014 an
472 2935 560 3040 docti
583 2947 687 3035 plus
679 2971 714 3010 m
733 2935 982 3042 investiganda'
974 2948 1077 3036 ipsius
1096 2949 1146 3013 via
1167 2945 1267 3016 exsu·'
1336 2961 1338 2966 '

194 3052 352 3118 daverint
379 3039 503 3140 (Vide,
530 3049 557 3113 si
585 3050 706 3135 placet,
732 3049 916 3113 Excursum
947 3048 1031 3113 de
1022 3073 1094 3138 ipso
1126 3055 1262 3116 transitu

196 3155 345 3242 Alpium,
364 3168 397 3216 et
414 3151 573 3215 variarum
592 3148 856 3214 dissertationum
873 3136 1014 3214 indicem
1023 3175 1155 3240 ,quem
1171 3151 1265 3218 colle·

196 3257 302 3345 gimus
319 3276 391 3342 pag
406 3251 469 3339 475
483 3268 516 3315 et
531 3273 600 3338 sqq.
616 3249 737 3314 volum.
754 3249 799 3314 IV
812 3250 910 3329 huius
927 3237 1102 3340 editionis.)

241 3357 337 3422 Nunc
362 3369 471 3419 autem
497 3351 557 3416 alia
581 3367 630 3416 est
654 3351 808 3438 quaestio,
831 3351 1039 3438 paucioribus
1062 3355 1264 3444 antiquitatis

198 3457 429 3546 interpretibus
450 3455 582 3545 agitata,
605 3437 664 3517 diu
682 3439 764 3516 nulli
782 3453 905 3535 soluta,
928 3454 1049 3520 scilicet
1072 3454 1139 3520 de
1131 3458 1263 3545 itinere,

199 3559 289 3650 quod
300 3582 359 3647 per
375 3556 586 3647 Apenninum
598 3565 741 3620 montem
754 3567 912 3649 sequutus
923 3572 972 3620 est
987 3555 1076 3620 idem
1084 3559 1263 3648 Hannibal,

197 3677 271 3750 post
286 3663 511 3726 Romanorum
525 3657 683 3722 exercitus
700 3655 747 3720 ad
759 3656 913 3721 Ticinum
925 3657 1144 3748 Trebiamque
1159 3665 1265 3750 prolli.

199 3779 305 3878 gatos,
329 3778 368 3825 ut
384 3760 547 3824 Etruriam
565 3758 806 3876 ingrederetur,
829 3759 919 3824 etad
935 3782 1065 3847 campos
1086 3764 1265 3832 Cortonam

199 3864 284 3928 inter
297 3867 332 3926 e't
347 3863 575 3927 Trasimenum
592 3861 670 3925 sitos
686 3861 878 3950 perveniret,
896 3862 953 3926 ubi
967 3863 1113 3945 tertiam,
1129 3889 1189 3932 nec
1203 3872 1265 3934 mi·

200 3987 263 4028 nus
286 3963 445 4052 insignem
470 3964 638 4028 victoriam
659 3963 844 4052 reportavit.
865 3964 1000 4044 Cujus
991 3965 1115 4030 itineris
1133 3973 1266 4061 vestigia

201 4061 404 4127 densioribus
425 4062 566 4126 tenebris
583 4060 729 4128 involuta
744 4063 950 4128 clarissimam
967 4061 1007 4128 ad
1031 4066 1137 4132 lucem
1162 4094 1266 4159 nuper
