2970 4712
362 393 365 402 r

164 421 890 446 ἊΙΜΜΜΜΜΜΜΜΜἎὶΜΜἈῚΙἏ
894 425 1211 444 mmtmnwsmm

420 651 466 727 T.
495 650 648 726 LIVII
686 649 954 726 PATAVINI

264 874 266 878 ‘
342 867 1041 1020 FRAGMENTA

182 1174 641 1256 DRAKENBORCHII
669 1175 886 1254 STUDIO·
907 1174 1195 1254 COLLECTA

444 1390 489 1436 ΕΤ
512 1387 616 1436 NUNC
640 1386 773 1434 PASSIM
799 1387 925 1436 AUCTA.

564 1579 800 1604 -ὒ--ι

191 1767 216 1827 1.
243 1745 346 1846 Qun
369 1733 629 1826 mumurnu
652 1764 742 1828 cun
770 1764 936 1828 inmoto
964 1767 1184 1830 rinnouun

424 1903 427 1911 ‘
469 1919 589 1984 utun
613 1911 916 1985 enutrimur.

540 2147 687 2248 muni
719 2113 829 2238 xiv„

181 2367 184 2372 .
207 2305 344 2374 Privato
364 2329 430 2374 nos
449 2305 695 2375 tenuissemus.

189 2463 197 2470 ·
210 2450 268 2498 vid.
280 2451 394 2498 Priscian.
407 2450 451 2499 lib.
465 2453 514 2500 XV
529 2453 634 2499 Graium.
646 2468 671 2514 p.
684 2467 757 2514 1009.
855 2475 859 2485 ¹

530 2623 677 2690 muru
710 2587 839 2689 xvii.

206 2787 324 2857 Pridie
341 2811 465 2858 nonas.
485 2786 600 2859 Pridie
615 2787 709 2858 Idus.

210 2933 322 2980 Priscian.
336 2931 379 2978 lib.
389 2933 451 2979 XIV
460 2933 566 2980 Gramm.
581 2950 605 2995 p.
620 2947 678 2994 992.
905 2925 919 2966 ί
1069 2941 1073 2948 ·

519 3098 667 3164 LIBRI
700 3096 851 3162 XVIII.

206 3220 401 3292 Imberbes.

210 3368 307 3416 Putsch,
322 3368 348 3416 iu
361 3370 469 3432 Corpore
483 3378 542 3416 vett.
556 3369 663 3416 Gramm.
683 3383 710 3429 p.
728 3374 759 3425 74
775 3376 798 3412 et
812 3365 898 3426 2789,
920 3375 943 3412 et
961 3376 1012 3412 ant.
1031 3367 1138 3413 Gramm.
1154 3367 1221 3430 apud

157 3451 240 3500 Barth.
254 3451 356 3500 Advers.
370 3453 506 3512 xxxvn,
522 3459 561 3506 ¹4·

541 3615 687 3716 Lmru
719 3614 821 3680 Lm.

207 3770 279 3858 Qui
291 3771 501 3866 Pompeium
514 3767 682 3840 morbum
693 3789 876 3839 excusasse
890 3765 1028 3851 ferunt,
1045 3741 1216 3862 ne'quum

156 3881 344 3949 interesset
365 3875 559 3965 deditioni,
579 3880 714 3950 animos
731 3879 1034 3950 Numantinorum
1053 3877 1216 3946 irritaret.

207 4029 323 4084 Priscian.
336 4030 379 4078 lib.
393 4031 477 4078 xv111
496 4034 603 4078 Grnmm.
619 4047 673 4095 pag.
689 4035 771 4094 1198,
792 4031 832 4079 ed.
845 4031 941 4078 Putsch.
956 4029 999 4076 ubi
1013 4028 1074 4076 mole
1084 4028 1172 4092 legitur
1185 4045 1217 4076 ex

153 4114 219 4162 Livio
230 4114 301 4162 CVII
310 4125 335 4163 et
347 4115 433 4162 XXVI
441 4130 487 4179 pro
501 4117 565 4162 LVI.
580 4115 644 4163 Nota
657 4115 732 4164 Drak.
742 4127 776 4162 est
788 4131 794 4164 :
805 4137 817 4156 «
827 4116 939 4165 Omnino·
947 4113 1019 4161 verba
1030 4113 1081 4160 haec
1094 4111 1218 4159 referenda
