2984 4706
223 367 347 475 aaa
472 391 621 459 LIBER
646 393 756 461 xuv.
785 397 888 463 ear.
913 398 976 463 vi.
1181 401 1249 494 273

196 509 348 580 amicum
361 521 387 596 ¹,
402 507 448 584 ab
466 511 545 606 ipso
561 535 627 608 per
643 523 698 581 tot
715 537 815 584 casus
833 499 1251 612 experturusproditum-

196 641 267 712 que
289 618 373 713 quia
391 641 466 688 non
484 619 709 714 prodiderat,
731 623 893 692 omnium
914 622 959 692 ab
980 647 1018 694 se
1039 623 1253 698 abalienavit

195 725 431 798 animosssPro
449 752 486 798 se
507 728 660 824 quisque
687 731 836 800 transire
862 729 908 800 ad
930 735 1130 822 Romanos;
1148 733 1252 831 fuge
1313 739 1315 746 ⁴

94 843 97 849 '
196 861 269 932 que
294 836 481 907 eonsilium
505 861 633 934 capere
659 838 776 908 solum
799 864 913 937 prope
938 842 1102 913 relictum
1123 868 1250 944 coege-

195 962 310 1017 runt:
339 946 620 1043 Oroandemque
646 949 850 1020 Cretensem
860 959 886 1038 ²,
911 952 969 1020 cui
989 966 1074 1022 nota
1096 952 1252 1026 Thraciae

89 1089 92 1092 ·
195 1080 259 1125 ora
276 1071 372 1142 erat,
396 1056 480 1150 quia
502 1070 721 1128 mercaturas
740 1059 777 1127 in
797 1082 838 1160 ea
857 1061 1003 1156 regione
1019 1060 1171 1150 fecerat,
1193 1086 1254 1162 ap-

195 1165 381 1262 pellat,ut
399 1189 436 1236 se
454 1164 635 1236 sublatum
652 1167 690 1235 in
712 1165 871 1238 lembum
891 1168 934 1238 ad
954 1174 1082 1265 Cotym
1101 1170 1253 1244 devehe·

195 1289 260 1344 ret.
287 1275 510 1374 Demetrium
535 1289 589 1346 est
611 1289 738 1371 portus
760 1277 796 1346 in
821 1279 1073 1372 promontorio
1095 1279 1253 1374 quodam

195 1384 455 1455 Samothracae:
481 1383 532 1454 ibi
558 1382 698 1454 lembus
722 1383 846 1454 stabat.
875 1383 950 1456 Sub
977 1409 1143 1457 occasum
1171 1391 1254 1460 solis

195 1491 417 1577 deferuntur,
436 1517 516 1588 quae
540 1492 585 1562 ad
601 1515 706 1562 usum
729 1495 926 1564 necessaria
947 1509 1073 1564 erant:
1094 1495 1254 1568 defertur

195 1615 236 1685 et,
256 1603 429 1697 pecunia,
455 1614 590 1697 quanta
619 1601 711 1670 clam
741 1599 872 1672 deferri
901 1617 1052 1700 poterat.
1078 1611 1154 1676 Rex
1176 1608 1254 1704 ipse

192 1725 300 1781 nocte
318 1709 452 1795 media,
470 1733 553 1779 cum
569 1707 685 1779 tribus
698 1710 850 1779 consciis
864 1707 974 1806 fugae,
992 1735 1058 1806 per
1073 1713 1252 1806 posticum

193 1815 342 1889 aedium³
352 1821 390 1887 in
406 1819 653 1915 propinquum
669 1818 837 1888 cubiculo
853 1819 1250 1916 hortum,atque1inde,

194 1929 382 2000 maceriam
396 1951 487 2024 aegre
499 1942 753 2024 transgressus,
767 1927 811 1998 ad
822 1952 919 1998 mare
929 1931 1103 2025 pervenit.
1116 1934 1253 2004 Oroan-

193 2036 256 2109 des
268 2037 340 2131 jam
355 2052 450 2122 tum,
465 2035 553 2106 dum
564 2038 716 2133 pecunia
729 2034 940 2121 deferretur,
954 2037 1078 2134 primis
1093 2039 1250 2111 tenebris

193 2147 346 2217 solverat
365 2171 511 2229 navem,
534 2171 574 2216 ac
594 2171 658 2244 per
681 2147 792 2217 altum
817 2149 956 2217 Cretam
976 2145 1134 2242 petebat.
1156 2153 1252 2219 Post-

193 2279 302 2352 quam
318 2258 355 2326 in
370 2265 477 2353 portu
493 2257 591 2326 navis
605 2258 680 2325 non
695 2257 840 2325 inventa
854 2269 923 2339 est,
940 2269 1085 2350 vagatus
1100 2261 1250 2328 Perseus

194 2365 401 2462 aliquandiu
420 2367 457 2434 in
476 2365 599 2453 litore,
619 2379 800 2461 postremo
820 2366 949 2434 timens
968 2362 1083 2434 lucem
1099 2365 1173 2459 jam
1189 2391 1249 2463 ap·

193 2473 517 2569 propinquantem,
545 2473 583 2540 in
608 2471 804 2569 hospitium
823 2470 941 2542 redire
964 2497 1037 2542 non
1060 2497 1189 2560 ausus,
1211 2477 1247 2546 in

194 2579 441 2676 latere-templi
454 2604 569 2676 prope
582 2580 752 2675 angulum
768 2577 961 2650 obscurum
978 2579 1129 2650 delituit.
1145 2587 1248 2654 Pueri

192 2691 277 2786 regii
297 2689 392 2786 apud
407 2687 642 2759 Macedonas⁴
663 2687 885 2758 vocabantur
899 2690 1103 2785 principum
1121 2690 1244 2780 liberi,

227 2910 287 2956 Car.
296 2910 339 2956 VI.
355 2926 377 2955 i.
398 2907 499 2954 Unicum
514 2907 623 2955 relictum
637 2909 695 2954 ami·
738 2923 784 2970 que
806 2907 918 2970 necisque
926 2926 947 2955 n.
966 2907 1040 2956 Ovid.
1061 2909 1160 2956 Metam.
1189 2911 1241 2965 xt,

191 3005 245 3034 cum
254 3005 264 3042 ,·
273 2987 328 3034 vide
343 2986 373 3032 ad
383 2989 408 3043 1,
420 3001 468 3043 21,
479 3002 503 3032 n.
514 2988 538 3031 3.
739 2995 786 3042 44ι
797 3000 803 3032 :
817 2988 877 3032 «Me
893 3001 990 3048 quoque
1007 2987 1066 3034 tolle
1077 2988 1162 3044 simu13
1176 2999 1241 3036 eerte

227 3083 250 3115 a.
265 3065 448 3128 Oroandemque
456 3064 642 3114 Cretensemtel
649 3079 695 3125 que
734 3063 967 3123 jactabimuruna».
986 3066 1022 3110 Ita
1042 3065 1068 3111 in
1087 3064 1153 3112 dicto
1170 3066 1242 3113 Jutiae

191 3157 227 3194 est
238 3161 284 3208 pro
293 3144 376 3207 itaque
387 3143 396 3208 (
406 3143 470 3191 cons.
484 3141 514 3188 ad
526 3144 551 3200 Ι,
564 3142 610 3203 39,
620 3157 648 3188 ιι.
660 3140 694 3203 7),
736 3142 803 3205 apud
814 3141 981 3204 Maerobium,
995 3143 1044 3191 Sat.
1056 3145 1094 3200 11,
1108 3143 1123 3190 5
1135 3158 1147 3191 :·
1156 3166 1168 3186 ιι
1177 3159 1240 3192 nun-

192 3224 275 3271 durius
294 3222 349 3280 hic,
366 3222 422 3284 qula
440 3224 539 3268 Perseus
556 3219 695 3266 nominatus
737 3235 809 3283 quam
825 3221 903 3278 enlm,
924 3221 970 3267 nisi
993 3221 1049 3267 navi
1070 3220 1157 3282 plena,
1178 3223 1240 3271 tollo

191 3318 240 3349 nou
254 3313 303 3349 etat
314 3318 370 3350 casu
381 3301 471 3365 primm
482 3303 566 3348 Bauer.
583 3299 633 3344 Aut
645 3297 691 3360 leg.
736 3311 857 3347 vectorem
869 3321 891 3346 ιι.
905 3298 961 3346 vid.
978 3297 1086 3346 Lembiu.
1104 3299 1136 3346 ad
1153 3301 1239 3350 Horat¹

190 3396 249 3427 mox
262 3381 395 3444 appellare,
412 3391 454 3427 aut
465 3381 548 3443 potius
565 3377 613 3425 del.
629 3392 690 3440 que,
736 3376 813 3440 Epist.
824 3379 849 3434 Ii,
862 3366 948 3424 unfit.
958 3376 1003 3422 En.

153 3503 158 3508 .
190 3470 282 3521 puncto
295 3460 376 3524 posito
388 3470 446 3522 post
459 3467 601 3522 coegeruut;
614 3457 690 3502 Gran.
772 3455 853 3502 &Per
866 3453 987 3517 posticum
1007 3452 1112 3509 oedium;
1130 3455 1190 3526 vide¹
1208 3459 1239 3506 ad

161 3592 169 3599 ι
189 3539 229 3584 An
242 3554 319 3600 quare
336 3538 489 3584 setheudum
504 3552 550 3600 pro
568 3539 636 3598 que?
650 3544 691 3580 aut
734 3533 840 3590 xxm,
853 3536 883 3588 8,
901 3549 925 3579 n.
944 3534 967 3581 8.
982 3559 1016 3568 -—
1026 3535 1081 3578 lam
1098 3544 1161 3589 tum,
1181 3535 1238 3583 dum

131 3658 135 3663 .
191 3615 319 3678 quemdam
328 3621 342 3662 ι’
350 3617 390 3662 Sic
398 3598 522 3684 bpodedaa
539 3613 594 3664 τινὰ
604 3617 690 3681 Κρῆτα
729 3611 835 3675 pecunia
841 3609 986 3676 defunctum·
995 3610 1065 3658 loeus
1072 3611 1167 3660 videtur
1175 3629 1240 3661 men.

190 3694 255 3756 apud
265 3694 327 3742 Plut.
340 3695 420 3740 AEmil.
429 3709 485 3756 pag.
499 3694 563 3750 268,
576 3692 691 3752 269,qui
735 3691 808 3738 desua
827 3703 834 3737 ε
856 3689 895 3744 vel
915 3689 978 3736 enim
1002 3688 1131 3736 dicendum
1155 3692 1239 3741 fuisset

190 3771 222 3818 ef.
235 3771 266 3818 ad
278 3785 376 3834 sqq.7-÷
389 3774 454 3818 Utse
466 3771 586 3818 sublatum
598 3767 623 3813 in
638 3768 692 3815 lem·
735 3768 792 3815 dum
813 3766 926 3832 defertur,
944 3767 983 3814 vel
998 3782 1071 3830 quum
1092 3767 1236 3830 deferretur,

191 3850 261 3906 bum,·
278 3849 306 3899 τὸ
325 3849 418 3904 tollere,
434 3848 473 3895 vel
489 3847 572 3894 tollere
591 3845 616 3891 in
636 3845 692 3892 lem-
735 3847 773 3893 vel
786 3845 880 3909 potius,
893 3853 921 3893 ut
937 3845 1032 3893 Crever.
1048 3845 1160 3908 monuit,
1168 3863 1238 3910 post.

190 3929 255 3982 hum,
267 3926 292 3972 iu
304 3942 401 3983 navem,
415 3926 512 3989 propria
525 3925 552 3970 in
564 3921 610 3970 hac
621 3937 646 3971 re
657 3922 694 3972 lo·
737 3940 811 3986 quam
822 3922 903 3970 delata
913 3932 958 3977 esa·
967 3920 1041 3968 Drak.

191 4006 265 4053 eutio.
283 4001 357 4053 Silius
384 4005 495 4062 itabens,
515 4005 563 4061 VI,
582 4020 608 4050 v.
631 4004 693 4050 500:
773 4009 796 4056 4.
810 4001 884 4048 Pueri
903 3999 964 4064 rebdi
983 3998 1051 4062 apud
1072 4001 1237 4068 Macedonas,

190 4085 299 4133 »Tollite
310 4099 361 4144 me,
371 4084 472 4148 Libyes,
482 4083 595 4132 comitem
606 4097 694 4144 poeuae-
738 4091 784 4128 ete.
799 4079 853 4126 vide
863 4077 894 4126 ad
903 4079 974 4138 vni,
986 4085 1034 4136 24,
1045 4094 1071 4126 n.
1086 4081 1111 4128 6.
1119 4087 1239 4135 -Perse·

288 4171 391 4239 VIII.
1070 4167 1108 4235 18
