2976 4712
483 388 760 536 'rannouun
789 441 929 508 mvn.
1172 449 1243 544 4¹9

183 559 398 653 insequutus
419 569 494 640 est,
520 569 556 626 et
576 557 731 628 subinde
751 557 938 630 cedentem
961 565 1108 658 pressit,
1128 565 1245 642 donec

183 666 401 762 confligeret.
414 665 537 736 Priore
549 690 671 764 pugna
683 665 861 738 Hannibal
878 671 1043 766 superior
1055 670 1141 764 fuit,
1155 679 1246 748 Mar·

183 777 293 848 uellus
308 777 522 872 insequenti.
545 775 672 848 Fabius
693 779 869 850 Maximus
888 795 990 876 pater
1010 785 1160 854 consrd¹
1180 792 1246 859 Ta·

182 891 344 961 rentinos
362 907 428 987 per
446 888 688 986 proditionem
703 893 849 987 recepit.
869 899 912 963 In
930 895 1099 992 Hispania
1111 899 1156 970 ad
1169 905 1245 972 Βεε-

183 1001 300 1072 culam
317 1001 435 1096 Scipio
449 1023 531 1070 eum
549 999 770 1072 Hasdrubale
785 1002 993 1074 Hamilcaris
1007 1006 1188 1099 condixit,
1209 1025 1246 1083 'et
1266 1076 1269 1084 .

182 1111 275 1182 vicit.
291 1115 391 1180 Inter
403 1109 470 1179 alia
482 1124 626 1206 captum
636 1134 792 1207 puerum
805 1112 961 1208 regalem
973 1117 1110 1187 eximiae
1120 1115 1245 1192 formae

183 1219 228 1290 ad
240 1219 458 1291 avunculum
468 1220 688 1290 Masinissam
702 1245 785 1292 curn
797 1221 903 1293 donis
917 1223 1059 1296 dimisit.
1075 1227 1246 1304 Claudius

182 1329 390 1417 Marcellus,
403 1333 442 1398 T.
457 1329 627 1417 Quintius
641 1330 826 1427 Crispinus
839 1335 1023 1423 consules,
1038 1342 1247 1436 speculandi

183 1453 288 1510 causa
301 1438 482 1537 progressi
496 1464 516 1510 e
530 1440 667 1528 castris,
682 1439 818 1520 insidiis
832 1441 877 1513 ab
890 1445 1090 1520 Hannibale
1101 1451 1247 1524 circum·

81 1614 83 1620 ,
182 1551 279 1622 venti
293 1564 394 1620 sunt:
403 1548 594 1620 Marcellus
608 1551 746 1621 occisus
759 1549 842 1635 fuit,
859 1554 1044 1650 Crispinus
1061 1556 1162 1655 fugit.
1175 1564 1246 1634 Res

182 1675 352 1756 praeterea
369 1681 390 1730 a
407 1663 443 1729 P.
460 1657 617 1756 Sulpicio
635 1673 788 1757 praetore
806 1660 976 1733 adversus
990 1663 1195 1766 Philippum
1211 1689 1246 1743 et

119 1806 120 1811 .
182 1770 331 1842 Acbaeos
355 1784 470 1865 gestas
486 1769 669 1840 continet.
697 1774 867 1840 Lustrum
889 1796 908 1842 a
927 1774 1137 1847 censoribus
1157 1803 1245 1850 con·
1278 1803 1282 1808 ·

183 1880 309 1952 ditum¹
321 1891 396 1950 est:
421 1903 526 1950 censa
544 1893 628 1948 sunt
650 1880 782 1949 civium
803 1881 918 1977 capita
937 1897 1083 1954 centum
1100 1887 1246 1985 triginta

183 2005 320 2088 septem
335 1989 446 2059 millia
461 2001 608 2057 centum
626 2001 662 2058 et
678 2003 761 2058 octo
779 2015 786 2056 ε
808 2013 852 2058 ex
871 2013 945 2086 quo
964 1983 1117 2063 numero
1135 2019 1245 2093 appa·

183 2102 275 2189 ruit,
296 2113 471 2198 quantum
490 2098 679 2168 hominum
703 2114 759 2170 tot
778 2099 982 2195 praeliorum
1002 2103 1151 2175 adversa
1174 2105 1246 2178 for-

182 2224 270 2280 tuna
285 2199 424 2306 populo
445 2227 597 2278 romano
617 2207 831 2280 abstulisset.
852 2210 1069 2299 Hasdrubal,
1085 2217 1247 2310 quicum
1288 2211 1292 2226 '
1355 2198 1357 2204 ,

184 2321 342 2390 exercitu
367 2343 463 2388 novo
490 2318 759 2390 transcenderat
784 2317 910 2417 Alpes,
932 2336 973 2391 ut
996 2349 1033 2392 se
1054 2317 1247 2400 Hannibali

184 2433 438 2526 coniungeret,
461 2439 543 2498 cum
566 2427 724 2499 millibus
750 2430 965 2500 hominum²
985 2431 1246 2534 quinquaginta

184 2565 246 2612 sex
266 2561 375 2612 caesus
393 2552 465 2626 est,
485 2541 533 2606 M.
558 2539 648 2607 Livii
669 2540 828 2610 consulis
851 2541 986 2626 domu,
1005 2543 1068 2612 sed
1090 2569 1165 2615 non
1183 2551 1247 2618 mi-

183 2675 274 2722 nore
288 2674 399 2747 opera
413 2647 560 2730 Claudii
570 2651 723 2718 Neronis
742 2649 909 2718 consulis.
925 2653 1014 2741 Qui,
1029 2677 1143 2746 quurn
1157 2660 1247 2728 Han-

183 2759 295 2831 nibali
314 2759 501 2856 oppositus
525 2771 636 2844 esset,
655 2758 787 2828 relictis
808 2762 951 2847 castris,
972 2761 1021 2830 ita
1042 2776 1083 2831 ut
1106 2763 1245 2836 hostem

183 2867 341 2955 falleret,
366 2890 450 2937 cum
476 2866 588 2936 electa
608 2863 739 2937 manu³
763 2864 965 2963 profectus,
984 2869 1243 2945 Hasdrubalem

183 2977 428 3052 circumvenit.

1099 3109 1107 3138 t

260 3229 265 3237 .
330 3177 331 3181 ’
410 3153 636 3228 ΕΡΙΤΟΜΕ
665 3157 806 3226 LIBRI
838 3156 1016 3226 XXVIII.

231 3335 302 3400 Res
319 3331 356 3400 in
374 3328 542 3424 Hispania
559 3348 732 3422 prospere
749 3337 855 3420 gestae
873 3349 893 3394 a
912 3323 1052 3411 Silano,
1069 3328 1245 3424 Scipionis

184 3441 337 3536 legato1,
360 3453 396 3509 et
414 3436 461 3532 ab
480 3441 520 3507 L.
546 3437 712 3533 Scipione
733 3431 843 3504 fratre
863 3433 1033 3520 adversus
1054 3441 1202 3527 Poenos,
1227 3464 1246 3510 a

218 3645 287 3690 Errr.
298 3637 408 3688 xxvn.
422 3655 443 3686 r.
462 3638 550 3686 Fabius
566 3636 691 3684 Maximus
735 3636 842 3693 delecta,
855 3636 945 3702 probb.
957 3637 1023 3686 nuk,
1032 3674 1039 3698 ,
1049 3637 1120 3689 Crev.
1129 3651 1154 3688 et
1168 3641 1244 3692 neat.

179 3733 254 3784 pater
264 3718 364 3774 consu&
374 3718 409 3764 sie
419 3717 555 3764 emendavit
565 3715 691 3780 Sigonius,
770 3717 838 3764 Errr.
851 3717 974 3763 XXVIII.
993 3717 1016 3763 ⁴1.
1036 3719 1061 3763 A
1077 3717 1177 3776 Silano,
1194 3720 1245 3768 Sei-

183 3815 259 3863 quum
275 3797 343 3864 prius
357 3796 476 3860 legeretur
486 3807 559 3860 pater
571 3794 675 3842 consulti
681 3829 690 3852 ‚
731 3793 814 3859 pionis
826 3795 925 3858 legurm·
938 3805 998 3842 notu
1009 3795 1104 3855 Dukeri
1118 3808 1170 3844 est:
1180 3821 1193 3840 «
1206 3799 1245 3846 si-

182 3877 253 3942 quod
264 3873 388 3925 manifeste
402 3875 516 3922 vitiosum
529 3885 588 3922 erat.
601 3873 652 3921 Ηυξ
735 3872 818 3921 lanum
828 3890 840 3920 a
849 3872 964 3937 Scipione
975 3889 1031 3922 cum
1039 3885 1109 3938 parte
1117 3877 1245 3941 copiarum

218 3973 242 4004 2.
259 3956 320 4004 Cure
334 3953 436 4002 millibus
446 3953 570 4001 dominum
580 3954 638 3999 LVI
645 3968 692 3998 oce·
736 3953 851 4000 adversus
870 3952 952 4000 hostes
969 3953 1068 4002 missum
1085 3955 1174 4018 fuisse,
1189 3958 1245 4020 plus

183 4052 222 4082 sus
231 4047 281 4092 est,·
297 4032 396 4098 quidam
403 4030 470 4082 Mss'
482 4031 576 4080 addunt
587 4041 662 4094 capta
673 4033 694 4074 V
737 4031 808 4080 semel
825 4030 910 4080 scribit
925 4031 1019 4098 Lirim
1031 4032 1137 4098 legatum
1150 4035 1246 4100 Scipio·
1302 4047 1305 4052 '

184 4113 261 4174 mitte
272 4127 297 4162 et
309 4113 394 4161 0000.
736 4109 775 4158 uis
792 4125 911 4172 nusquam
931 4123 1011 4160 vocat.
1032 4111 1177 4172 Adjntorem
1192 4117 1245 4162 Sei.-

220 4195 243 4239 3.
260 4193 320 4240 Cum
340 4191 416 4238 electa
430 4206 519 4246 manu,
539 4189 584 4238 MS
599 4188 691 4236 Boend.
736 4188 805 4251 pioni
820 4186 852 4236 ad
865 4204 902 4235 res
914 4189 1030 4251 gerendas
1044 4190 1126 4239 datum
1139 4191 1245 4240 Silanum

1062 4303 1117 4370 27.
1161 4373 1163 4380 .
