2984 4706
205 329 325 437 ὒὲῑξξξς
348 309 460 420 ΠΒ.
488 349 621 418 xciv.
651 355 755 419 ola.
784 355 925 420 amu.
953 358 1088 423 xciv.
1172 354 1239 427 255

179 495 261 542 cum
281 497 324 542 eo
344 471 435 568 fugae
457 476 621 556 comites,
642 474 806 543 Evander
824 477 1023 562 Cretensis,
1040 481 1116 548 Neo
1136 484 1240 548 Boeo-

178 583 248 652 tius
273 597 308 653 et
329 581 563 653 Archidamus
586 584 732 652 AEtolus.
760 586 850 653 Cum
876 585 934 666 iis,
959 586 1031 678 jam
1055 602 1241 673 metuens,

178 717 245 777 ne,
265 694 328 788 qui
350 694 472 763 venire
493 692 594 762 adse
616 691 834 777 abnuerent,
857 694 973 787 majus
997 695 1130 791 aliquid
1155 721 1241 768 mox

178 801 372 888 auderent,
397 818 524 899 quarta
549 803 666 900 vigilia
687 801 856 900 profugit.
877 807 1027 900 Sequuti
1048 831 1131 876 eum
1156 826 1241 880 sunt

178 912 375 983 admodum
402 915 590 1010 quingenti
615 917 801 984 Cretenses
813 916 838 984 l.
868 913 1016 985 Petebat
1040 916 1239 1014 Amphipo-

177 1021 238 1090 lim
256 1021 342 1092 :sed
364 1037 469 1092 nocte
487 1047 505 1091 a
525 1022 620 1094 Pella
638 1023 789 1110 exierat,
810 1048 1008 1120 properans
1026 1041 1107 1095 ante
1122 1027 1238 1098 lucem

178 1132 306 1201 Axium
328 1155 470 1202 amnem
496 1132 679 1226 trajicere,
701 1157 784 1202 eum
806 1131 914 1202 finem
938 1133 1133 1228 sequendi,
1156 1162 1240 1233 pro-

177 1257 258 1336 pter
275 1239 521 1313 difficultatem
543 1244 730 1330 transituS,
753 1241 829 1312 lore
848 1258 945 1312 ratus
964 1245 1142 1314 Romanis.

226 1356 345 1421 XLIV.
369 1351 582 1440 Consulem,
608 1377 722 1447 quum
745 1376 783 1421 se
806 1353 843 1420 in
870 1366 981 1422 castra
1008 1353 1122 1422 victor
1147 1378 1242 1425 rece·

176 1463 306 1559 pisset,
330 1487 375 1532 ne
399 1463 538 1532 sincero
558 1461 689 1558 gaudio
711 1460 909 1544 frueretur,
930 1485 1015 1532 cura
1036 1462 1080 1532 de
1101 1465 1240 1546 minore

176 1570 251 1642 filio
278 1569 492 1642 stimulabat.
523 1575 558 1639 P.
588 1572 706 1670 Scipio
733 1574 762 1640 is
790 1585 881 1658 erat,
902 1569 1089 1643 Africanus
1110 1577 1241 1672 etipse

176 1696 320 1779 postea,
344 1680 461 1751 deleta
481 1675 708 1777 Carthagine,
732 1680 949 1777 appellatus,
969 1682 1137 1753 naturalis
1157 1708 1241 1755 con·

176 1792 263 1862 sulis
277 1790 401 1876 Paulli,
416 1791 610 1888 adoptione
625 1789 781 1860 Africani
795 1814 909 1886 nepos
922 1801 945 1858 ¹.
959 1796 1012 1876 Is,
1028 1793 1239 1888 septimum-

176 1900 355 1973 decimum
370 1916 456 1972 tunc
474 1926 609 1972 annum
627 1926 753 1998 agens,
775 1900 875 1996 quod
897 1902 1013 1998 ipsum
1037 1926 1157 1971 curam
1181 1927 1240 1972 au-

175 2012 302 2110 gebat,
325 2013 410 2083 dum
433 2010 546 2083 effuse
569 2014 732 2108 sequitur
754 2010 898 2095 hostes,
919 2013 956 2079 in
977 2027 1115 2107 partem
1136 2012 1238 2082 aliam

175 2122 283 2194 turba
297 2122 436 2193 ablatus
452 2137 545 2207 erat;
561 2137 616 2209 et,
632 2124 744 2192 serius
759 2145 873 2218 quum
887 2121 1057 2206 redisset,
1075 2137 1161 2192 tunc
1176 2122 1238 2191 de·
1309 2193 1311 2198 ,

101 2263 108 2280 ·
175 2258 299 2317 mum,
318 2247 465 2329 recepto
489 2235 621 2330 sospite
645 2230 743 2316 filio,
764 2230 920 2301 victoriae
942 2245 1048 2300 tantae
1069 2232 1239 2327 gaudium

177 2342 302 2414 consul
332 2342 451 2412 sensit.
481 2341 722 2439 Amphipolim
751 2365 865 2436 quum
893 2341 967 2435 jam
992 2339 1085 2412 lama
1113 2367 1240 2440 pugnae

175 2453 418 2550 pervenisset,
446 2475 713 2548 concursusque
735 2467 979 2522 matronarum
1003 2453 1040 2521 in
1063 2455 1239 2551 templum

175 2563 316 2649 Dianae,
347 2585 454 2657 quam
483 2562 724 2661 Tauropolon
745 2571 909 2648 vocant²,
934 2560 977 2630 ad
1002 2586 1106 2658 opem
1130 2589 1240 2663 expo-

176 2671 342 2741 scendam
358 2670 477 2758 lieret3
492 2670 689 2756 Diodorus,
703 2673 766 2765 qui
781 2684 929 2766 praeerat
942 2670 1041 2757 urbi,
1055 2688 1237 2758 metuens,

176 2805 221 2850 ne
234 2780 405 2863 Thraces,
421 2804 577 2875 quorum
593 2779 666 2851 duo
680 2779 791 2850 millia
808 2782 845 2849 in
858 2780 1023 2877 praesidio
1038 2797 1158 2869 erant,
1175 2811 1238 2854 ur-

174 3011 231 3052 νος,
243 2992 306 3058 Plut.
317 2992 397 3040 AEmil.
408 3007 464 3055 pag.
479 2991 538 3052 267.
551 2991 587 3038 De
599 2991 684 3037 Neoue
726 3007 782 3055 pag.
795 2996 843 3044 loa
858 2985 868 3052 (
876 2989 918 3036 uhi
928 2991 1009 3053 Heyn.
1022 3004 1111 3053 praeter
1126 2993 1172 3039 alia
1186 3010 1237 3042 mo-
1282 2997 1283 3002 ’

176 3072 269 3120 Boeotio
281 3073 347 3119 conl.
359 3069 447 3136 Polyb.
459 3071 574 3126 XXVII,
589 3069 682 3132 r,§a,
727 3079 783 3126 net,
802 3067 887 3114 miram
907 3084 958 3116 esse
977 3068 1028 3126 ejus
1049 3071 1237 3134 etymologiam,

175 3151 259 3210 etius.
270 3153 347 3208 XLV,
365 3151 395 3198 31
416 3161 477 3198 extr.
497 3149 541 3196 ubi
561 3149 625 3196 idem
644 3165 685 3212 pa-
727 3147 764 3197 ὅτι
779 3149 810 3206 ὡς
825 3153 911 3215 ταῦρος
924 3146 1028 3215 περίεισι
1045 3147 1146 3212 πάντα,
1161 3166 1236 3212 quum

175 3230 229 3277 triae
240 3229 353 3293 proditor
363 3230 489 3277 memorari
503 3227 609 3277 videtur.
727 3228 804 3274 Diana
823 3227 886 3274 inter
898 3229 991 3274 Tauros
1005 3227 1073 3274 cultu
1092 3228 1176 3276 divino
1193 3231 1236 3277 ha·

212 3317 237 3364 4.
250 3308 389 3356 Admodum
402 3308 528 3374 quingenti
542 3307 570 3354 C.
585 3307 640 3356 vide
652 3307 683 3355 ad
727 3307 778 3353 bita
794 3307 862 3353 laeile
876 3306 957 3353 animo
972 3306 1114 3370 occuuat),
1126 3309 1235 3357 Euatath.

174 3388 384 3444 xx1‚36,n.3.
727 3384 758 3432 ad
770 3389 844 3434 Hom.
857 3386 886 3434 ll.
906 3401 1005 3450 a,pag.
1023 3386 1122 3448 259‚et
1133 3387 1237 3435 aleo-

212 3467 272 3514 cm.
282 3467 371 3514 XLIV.
385 3481 406 3512 1.
417 3469 446 3512 P.
458 3465 537 3528 Scipio
550 3465 569 3512 is
581 3477 681 3514 erat.....
726 3481 781 3528 nys.
800 3465 891 3528 Perieg.
909 3463 971 3524 306,
991 3464 1055 3522 610;
1078 3465 1157 3514 Strab.
1173 3467 1235 3522 XII,

175 3560 264 3608 nepos,·
277 3542 334 3589 vide
352 3543 383 3590 ad
396 3546 535 3602 XXXVII,
555 3545 602 3602 34,
618 3561 642 3591 n.
657 3561 680 3592 α.
726 3561 751 3607 p.
764 3544 823 3604 535,
833 3554 857 3591 et
868 3545 940 3603 XIV,
948 3560 973 3607 p.
984 3544 1236 3606 639;n10‚xxxv.

175 3625 212 3670 ne
232 3638 292 3668 cura
312 3620 352 3668 illa
369 3621 424 3669 alde
446 3624 516 3686 plura
534 3624 600 3686 apud
618 3623 682 3671 Plut.
727 3639 753 3685 p.
768 3624 816 3681 833
829 3621 932 3669 DIodor.
948 3624 984 3678 II,
1002 3623 1046 3679 463
1064 3623 1193 3686 spanhem.
1205 3624 1236 3670 ad

175 3700 256 3748 AEmil.
273 3716 329 3763 pag.
348 3701 407 3747 266.
426 3703 488 3748 Mox
504 3702 587 3749 Paulli
601 3705 627 3749 F.
640 3719 682 3750 seu
727 3701 820 3750 Gallim.
845 3703 878 3748 ll.
895 3701 920 3746 in
938 3700 1009 3748 Dian.
1028 3717 1052 3748 v.
1072 3703 1128 3758 113,
1150 3709 1197 3760 174
1212 3715 1235 3748 et

167 3779 240 3846 filius
250 3777 388 3839 conj.Duk.
419 3805 420 3810 =
729 3782 792 3839 1873
807 3778 888 3826 Schol.
907 3778 937 3827 ad
956 3778 1071 3842 Sophocl.
1085 3779 1154 3838 Ajac.
1172 3795 1233 3839 172:

212 3875 236 3905 a.
249 3855 356 3912 DIauoe,
376 3873 450 3919 quam
462 3857 615 3921 Tauropolon
634 3875 682 3905 uo·
727 3858 782 3905 Gal.
807 3869 832 3904 et
857 3856 970 3904 Munher.
987 3856 1019 3903 ad
1034 3857 1127 3904 Anton.
1155 3859 1236 3906 Liber.

175 3947 249 3992 aaran
263 3936 329 3984 conl.
342 3935 427 3998 fragm.
439 3935 586 3999 Apollodori
598 3937 607 4002 (
618 3938 682 4000 apud
728 3954 781 4000 cap.
802 3952 848 3996 ²73
865 3936 948 3982 Burin.
968 3934 999 3980 ad
1011 3934 1086 3982 Ovid.
1101 3937 1163 3983 Met.
1177 3939 1226 3984 XV

176 4015 243 4064 Suid.
255 4026 279 4062 et
287 4015 394 4078 Etymol.
405 4017 440 4061 M.
448 4029 503 4061 voe.
513 4012 683 4085 Ταυροπολον)
730 4017 793 4071 5113
805 4015 907 4078 Gyrald.
926 4014 989 4061 ltin.
1007 4015 1080 4061 Deor.
1094 4018 1164 4078 synt.
1178 4019 1235 4064 XII.

69 4117 73 4126 ¹
175 4106 192 4144 t.
208 4098 260 4154 111,
281 4109 337 4160 pag.
358 4109 434 4154 1070,
450 4106 491 4142 aut
510 4095 548 4144 ed.
567 4096 609 4143 alt.
625 4107 643 4144 r.
658 4097 681 4155 l,
728 4117 763 4130 —-
783 4092 919 4151 Diodorus,
940 4104 986 4141 etc.
1005 4093 1054 4140 hoc
1075 4095 1175 4143 eLivio
1195 4097 1237 4143 de·

878 4205 885 4235 l
