2970 4712
261 385 330 471 354
450 421 452 426 v
687 389 724 452 t·
750 387 886 454 121v11
1173 365 1289 466 ltili:

258 511 384 609 partim
407 505 589 578 exfructa
612 505 852 588 metallorum,
877 507 1006 600 partim
1025 529 1067 574 ex
1087 503 1315 600 vectigalibus

259 621 352 701 aliis,
372 627 617 686 coacervatum
637 612 763 684 luerat.
788 620 910 710 Itaque
925 614 1118 685 admodum
1134 610 1315 712 inops'pe-

258 730 372 798 cuniae
399 725 602 821 Philippus,
633 729 781 794 Perseus
811 739 937 794 contra
966 722 1156 820 praediveS,
1184 725 1317 796 bellare

259 863 340 910 cum
359 836 528 906 Romanis
547 835 666 931 coepit.
687 840 766 930 Ipse
787 849 969 930 postremo
989 831 1132 904 Paullus
1154 836 1192 904 in
1208 859 1317 905 curru

258 967 442 1044 magnam,
464 969 577 1040 quum
598 942 771 1038 dignitate
793 943 859 1013 alia
879 944 1059 1040 corporis,
1083 956 1159 1012 turn
1178 959 1318 1014 senecta

260 1059 357 1153 ipsa,
382 1054 600 1148 majestatem
624 1076 696 1147 prae
719 1076 755 1122 se
782 1051 902 1122 ferens
922 1079 929 1120 :
952 1068 1035 1148 post
1058 1077 1205 1123 currum
1226 1056 1318 1124 iuter

261 1164 348 1235 alios
362 1164 518 1232 illustres
531 1163 627 1230 viros
642 1158 705 1230 lilii
719 1159 813 1248 duo,
828 1165 871 1252 Q.
886 1163 1061 1232 Maximus
1074 1176 1110 1232 et
1124 1169 1162 1234 P.
1179 1166 1315 1259 Scipio:

260 1274 391 1345 deinde
416 1273 563 1367 equites,
581 1271 782 1357 turmatim,
805 1287 841 1342 et
868 1271 1034 1344 cohortes
1061 1272 1222 1369 peditum
1248 1275 1319 1343 suis

210 1434 212 1444 .
260 1389 412 1481 qumque
438 1379 626 1450 ordinibus
639 1377 663 1449 ³.
693 1379 805 1450 Pediti
831 1382 868 1449 in
892 1381 1049 1478 singulos
1079 1382 1152 1452 dati
1177 1387 1318 1454 centeni

259 1492 397 1562 denarii
407 1493 434 1576 4,
457 1489 589 1586 duplex
616 1490 841 1576 centurioni,
866 1490 994 1586 triplex
1020 1493 1142 1588 equiti.
1166 1496 1319 1562 Tantum

260 1601 372 1698 pediti
390 1599 556 1670 daturum
573 1596 681 1668 fuisse
696 1597 864 1684 credunt,
880 1613 916 1669 et
933 1624 999 1694 pro
1013 1614 1089 1669 rata
1102 1599 1197 1684 aliia,
1216 1601 1245 1669 si
1260 1615 1320 1670 aut

260 1737 334 1780 non
355 1708 520 1805 refragati
542 1707 673 1778 honori
696 1707 773 1800 ejus
792 1705 962 1792 fuissent,
982 1722 1044 1777 aut
1061 1707 1237 1804 benigne,
1255 1709 1321 1779 hac

261 1822 336 1917 ipsa
350 1842 488 1889 summa
506 1817 669 1887 nuntiata
678 1813 704 1903 ⁵,
720 1817 983 1886 acclamassent.
1000 1815 1069 1886 Sed
1083 1839 1158 1886 nou
1172 1821 1320 1886 Perseus

260 1945 395 2000 tantum
423 1951 487 2024 per
513 1925 591 1998 illos
620 1925 696 1996 dies
719 1925 978 1998 documentum
1004 1926 1246 1998 humanorum
1265 1952 1320 1998 ca·

260 2063 366 2108 suum
389 2036 475 2120 fuit,
494 2039 531 2105 in
554 2038 688 2106 catenis
708 2052 789 2106 ante
808 2059 954 2107 currum
974 2037 1118 2106 victoris
1137 2036 1239 2108 ducis
1260 2062 1322 2134 per

261 2145 391 2217 urbem
401 2145 560 2215 hostium
575 2145 723 2232 ductus,
737 2145 801 2217 sed
816 2147 921 2216 etiam
936 2149 1050 2216 victor
1063 2144 1221 2232 Paullus,
1236 2173 1321 2216 auro

263 2280 500 2353 purpuraque
517 2253 667 2350 fulgens.
690 2259 780 2326 Nam
799 2253 942 2327 duobus
959 2282 979 2326 e
994 2255 1092 2340 filiis,
1111 2281 1224 2353 quos,
1239 2257 1322 2326 duo·

263 2367 331 2435 bus
350 2364 440 2434 (latis
459 2365 495 2432 in
514 2363 746 2460 adoptionem
755 2361 783 2452 ⁶,
805 2365 900 2436 solos
922 2367 1097 2452 nominiS,
1120 2389 1321 2450 sacrorum,

300 2605 324 2650 3.
334 2606 389 2666 Ipse
395 2613 517 2667 pstremo
529 2603 641 2650 Paullus.
650 2639 670 2652 ..
686 2605 774 2652 ordini·
818 2605 931 2670 scriptam
940 2609 1098 2670 omissamque
1107 2608 1188 2666 titisse,
1198 2617 1222 2655 et
1231 2611 1256 2656 in
1265 2625 1323 2672 opu·

266 2685 325 2730 bus.-
338 2681 390 2730 herc
401 2680 473 2728 verba
483 2693 538 2729 ante
548 2682 625 2746 prima
637 2681 709 2743 hujus
720 2698 774 2747 cap.
818 2686 890 2732 lentis
904 2685 992 2732 horum
1011 2697 1146 2749 temporum
1162 2687 1246 2750 spoliis
1257 2705 1322 2744 non,

266 2765 388 2810 Sraramam
402 2760 479 2807 omnr's
496 2761 586 2824 captivi
603 2763 697 2808 auri...
721 2777 775 2809 cum
818 2775 846 2811 ut
858 2764 915 2811 olim
923 2798 931 2822 ,
940 2779 1052 2812 nummos
1062 2781 1135 2812 aerem
1144 2801 1151 2822 ,
1160 2766 1203 2813 sed
1214 2767 1323 2815 denarios

268 2838 381 2887 Romanis
392 2838 464 2902 coepit
474 2839 590 2902 ponenda
600 2839 703 2902 putabat
718 2841 776 2888 Cre·
819 2843 947 2889 memorari
963 2843 1103 2903 mvn,
1126 2846 1173 2907 59;
1195 2849 1321 2904 XXXIX,

264 2933 314 2966 rer.
327 2933 383 2964 nam
392 2917 776 2966 secundodietmnsletumfuisse
820 2922 845 2978 5,
860 2936 887 2981 73
905 2923 963 2982 XL,
983 2920 1031 2980 433
1048 2925 1120 2981 XLI,
1145 2941 1169 2984 7,
1190 2926 1235 2982 133
1248 2927 1324 2982 XLV,

267 3013 351 3044 astrum
369 3008 394 3044 et
411 3007 552 3059 argentum,
569 2996 641 3042 tertio
664 2999 775 3043 Perseum
820 3001 862 3054 43.
872 3027 907 3036 -
920 3003 1022 3049 Tantum
1030 3003 1112 3065 pediti
1120 3004 1321 3068 datrrmmfirisse,

268 3087 292 3123 et
308 3077 418 3139 captivos
432 3087 488 3123 ante
499 3091 597 3122 currum
609 3072 711 3122 victoris
725 3091 776 3122 esse
819 3093 853 3124 sc.
869 3091 985 3140 quantum
1002 3081 1079 3143 equiti
1099 3081 1181 3129 datum
1202 3095 1250 3142 est;
1271 3085 1322 3131 Jac.

269 3155 369 3212 ductum
379 3147 491 3216 'adeoque
504 3154 633 3201 verisimile
645 3169 694 3200 non
709 3168 774 3213 esse,
819 3157 895 3203 Periz.
907 3159 1055 3206 tantumdem
1074 3171 1099 3207 et
1115 3161 1219 3208 alterum
1231 3175 1323 3209 tantum

269 3232 363 3279 Livium
386 3243 444 3295 post
469 3232 617 3278 mentionem
637 3231 717 3278 Persei
738 3231 774 3277 Ia·
820 3232 889 3298 (scil.
908 3236 1120 3299 ducentos)conj.
1137 3241 1216 3289 Grau.
1229 3245 1322 3288 -Pro

270 3323 344 3366 ctam,
357 3320 412 3356 ante
424 3323 496 3370 quam
510 3309 541 3356 de
555 3309 653 3366 Paullo,
666 3309 708 3371 qui
720 3325 777 3372 pro·
819 3324 893 3371 rata,
909 3315 988 3364 scilic.
1007 3325 1074 3379 parts
1085 3318 1094 3382 (
1106 3328 1133 3364 ut
1146 3334 1195 3381 pro
1212 3319 1324 3382 portione

270 3388 335 3434 :rme
355 3386 513 3448 sequebatur,
533 3387 635 3444 diceret,
654 3386 776 3448 reliquisse
819 3392 941 3452 XXXIV,
958 3393 1007 3450 50,
1026 3403 1050 3442 ct
1063 3411 1111 3458 pro
1129 3395 1324 3461 pontenani),

271 3464 458 3528 descriptionem
473 3465 608 3512 incedentis
625 3479 734 3528 pompe,
749 3475 777 3512 ut
821 3468 889 3525 aliis,
901 3470 927 3516 h.
940 3487 961 3518 a.
974 3472 1066 3536 duplex
1078 3475 1227 3532 centurioni,
1237 3475 1325 3540 triplex

271 3545 301 3591 de
323 3557 415 3594 summa
437 3545 489 3588 euri
515 3544 672 3606 argentique,
698 3543 777 3606 pridie
820 3546 904 3607 equiti.

271 3621 392 3680 translati,
402 3631 427 3667 et
439 3618 471 3668 'ds
485 3620 573 3684 opibus
584 3622 664 3668 Persei
675 3621 777 3668 dissere·
859 3625 882 3672 5.
897 3627 952 3672 Hac
968 3627 1021 3691 ipsu
1034 3643 1128 3676 serranus
1141 3630 1270 3687 stantiam,
1283 3649 1327 3696 po

262 3711 322 3757 ¹ret,
339 3713 368 3746 ae
385 3712 437 3746 tum
455 3698 558 3761 denique
576 3699 606 3746 ad
620 3699 730 3748 Paullum
743 3715 779 3747 re·
822 3705 870 3751 aius
878 3706 1057 3768 prostantium,-
1073 3707 1139 3770 quoti
1154 3709 1203 3769 jam
1218 3711 1261 3756 alii
1274 3725 1327 3757 mo-

271 3787 413 3826 verteretur.
505 3798 506 3802 ¹
822 3772 985 3830 nuere.Conf.
1000 3785 1177 3844 adXXLtS,
1190 3796 1249 3843 ma.

310 3854 424 3912 caedat
442 3853 467 3900 in
489 3853 594 3918 singulos
610 3854 666 3902 dau
685 3857 779 3904 cmteeei
857 3861 881 3908 6,
891 3862 990 3908 Duobus
1001 3874 1059 3911 mm
1074 3865 1204 3926 maioribus
1218 3867 1285 3915 datis
1301 3869 1326 3916 in

274 3932 370 3981 denarii
373 3965 382 3990 ,
398 3942 445 3980 ste.
461 3932 550 3980 inserui
564 3947 648 3980 vocem
667 3933 775 3990 denarii,
822 3938 976 4002 adoptimtem
991 3941 1063 3988 Fabio
1080 3954 1105 3990 et
1122 3945 1245 4007 Scipioni:
1262 3947 1327 4010 unde

274 4023 322 4058 etc.
333 4009 489 4058 suadentibus
497 4011 607 4059 Gronov.
619 4021 644 4059 et
653 4011 776 4061 Drakenb.
822 4015 895 4077 paulo
913 4017 1028 4084 antefid'i
1039 4019 1100 4075 duo,
1116 4023 1145 4082 Q.
1163 4024 1286 4071 Maximus
1304 4037 1328 4072 et

272 4089 316 4152 qni
334 4097 429 4146 monet,
448 4103 500 4135 eam
514 4088 575 4136 torte
595 4103 641 4152 per
660 4101 742 4137 uotam
754 4091 782 4137 X
822 4095 850 4138 P.
871 4094 959 4158 Scipio.
976 4098 1159 4155 Cotuatum,
1177 4117 1216 4148 10.
1240 4127 1268 4138 —-
1283 4105 1326 4150 Sa-
