2976 4712
495 370 763 438 ursaonun
793 355 935 438 [ΠΗ.
1179 365 1249 453 425

188 516 304 588 quum
327 485 623 576 Atheniensium,
652 491 716 587 qui
737 488 997 561 obsidebantur
1018 475 1039 560 a
1060 485 1249 587 Philippo,

189 603 295 699 legati
312 601 483 672 auxilium
501 623 522 672 a
540 615 666 672 senatu
686 601 879 698 petissent,
898 613 934 671 et
954 614 1097 671 senatus
1115 599 1151 670 id
1172 624 1252 692 cen-

189 715 319 784 suisset
340 708 551 799 serendum,
576 709 702 808 plebe,
731 708 832 807 quod
857 723 915 782 tot
936 707 1118 780 bellorum
1139 711 1250 780 conti-

189 846 285 892 nuus
298 819 400 892 labor
414 821 529 918 gravis
544 835 640 908 erat,
657 820 909 908 dissentiente,
925 820 1043 891 tenuit
1059 821 1252 891 auctoritas

189 935 353 1019 Patrum,
369 944 411 1001 ut
429 931 532 1001 sociae
548 931 679 1002 civitati
697 928 784 1001 ferri
800 953 909 1028 opem
927 929 1085 1028 populus
1103 931 1252 1026 quoque

188 1039 342 1134 juberet.
363 1039 502 1113 Bellum
519 1038 557 1110 id
573 1045 608 1110 P.
625 1041 785 1138 Sulpicio
799 1041 940 1112 consuli
952 1039 1162 1110 mandatum
1177 1041 1251 1128 est,

190 1153 273 1247 qui,
289 1149 448 1221 exercitu
465 1152 504 1219 in
519 1149 767 1223 Macedoniam
780 1149 910 1238 ducto,
925 1148 1153 1248 equestribus
1166 1173 1253 1246 prae·

190 1261 244 1331 liis
263 1284 347 1332 cum
365 1260 531 1358 Philippo
551 1283 723 1358 prospere
744 1253 926 1358 pugnavit.
949 1259 1113 1356 Abydeni
1132 1283 1153 1329 a
1169 1258 1254 1340 Phi-
1289 1275 1293 1284 ’

190 1371 290 1468 lippo
306 1368 462 1458 obsessi,
477 1369 523 1440 ad
542 1370 746 1468 exemplum
769 1371 1073 1466 Saguntinorum,
1096 1393 1181 1440 suos
1200 1370 1252 1439 sel

191 1505 262 1578 que
284 1480 506 1552 occiderunt.
528 1484 568 1550 L.
587 1480 714 1550 Furius
728 1494 861 1578 praetor
877 1477 999 1552 Gallos
1016 1477 1187 1551 Insubres
1200 1502 1254 1548 re·

188 1589 362 1661 bellantes
381 1605 417 1662 et
435 1590 668 1661 Hamilcarem
688 1595 859 1678 Poenum,
879 1589 1015 1662 bellurn
1034 1591 1073 1660 in
1094 1613 1136 1659 ea
1153 1604 1254 1687 parte

190 1701 419 1788 molientem,
441 1701 514 1772 acie
535 1702 628 1771 vicit.
648 1701 827 1772 Hamilcar
846 1707 890 1772 'eo
907 1700 1005 1772 bello
1022 1701 1161 1771 occisus
1179 1714 1254 1786 est,

192 1824 228 1881 et
241 1811 351 1882 millia
364 1811 553 1882 bominum
566 1814 712 1910 triginta
725 1837 798 1883 sex.
816 1816 990 1884 Praeterea
1007 1810 1255 1909 expeditiones

191 1921 347 2019 Philippi
368 1924 461 2020 regis
487 1938 524 1993 et
547 1923 694 2018 Sulpicii
717 1922 876 1994 consulis
898 1924 1254 2021 expugnationesque

192 2028 339 2100 urbium
352 2030 398 2101 ab
415 2046 571 2130 utroque
591 2031 700 2104 factas
718 2034 889 2105 continet.
911 2033 1089 2130 Sulpicius
1109 2032 1254 2130 consul,

192 2139 445 2236 adjuvantibus
464 2167 548 2240 rege
561 2143 679 2214 Attalo
696 2156 731 2214 et
751 2143 918 2232 Rhodiis,
938 2142 1075 2215 bellum
1095 2141 1252 2241 gerebat.

192 2251 439 2351 Triumphauit
456 2251 501 2324 de
519 2254 628 2325 Gallis
645 2260 684 2325 L.
705 2256 833 2330 Furius
850 2269 992 2353 praetor.

431 2472 657 2542 EPITOME
685 2463 824 2541 LIBRI
856 2475 1016 2541 XXXII.

241 2657 436 2754 Complura
453 2658 615 2758 prodigia
636 2685 680 2732 ex
698 2659 846 2731 diversis
867 2657 1078 2756 regionibus
1095 2660 1257 2729 nuntiata

194 2765 417 2853 referuntur;
435 2768 530 2838 inter
547 2792 646 2866 quae,
665 2771 704 2850 in
721 2766 931 2839 Macedonia
951 2767 989 2834 in
1008 2763 1124 2863 puppi
1141 2766 1256 2858 longua

195 2879 295 2947 navis
321 2878 477 2947 lauream
506 2902 583 2949 esse
609 2891 762 2950 natam1.
784 2885 824 2949 T.
847 2877 1016 2967 Quintius
1038 2875 1258 2946 Flamininus

196 2985 323 3055 consul
344 2985 513 3057 adversus
533 2987 739 3087 Philippum
761 2988 911 3060 feliciter
930 2989 1103 3085 pugnavit
1120 2987 1158 3057 in
1179 2985 1258 3058 lanss
1353 2977 1358 2990 ⁸

195 3093 298 3167 cibus
321 3097 437 3193 Epiri,
464 3095 699 3196 fugatumque
726 3100 842 3195 coegit
869 3100 907 3168 in
936 3123 1089 3196 regnum
1118 3097 1256 3169 reverti.

196 3212 277 3304 Ipse
300 3206 534 3294 Thessaliam,
562 3234 643 3305 quae
669 3224 724 3280 est
747 3209 862 3280 vicina
889 3208 1127 3294 Macedoniae,
1154 3207 1259 3278 sociis

198 3316 320 3388 AEtolis
339 3332 376 3387 et
393 3317 670 3410 Athamanibus,
688 3320 837 3420 versavit.
856 3324 896 3390 L.
914 3321 1083 3412 Quintius
1097 3320 1259 3390 Flamini-

198 3451 267 3498 nus
284 3427 440 3499 consulis
458 3427 577 3517 frater,
599 3429 719 3501 Attalo
735 3454 820 3527 rege
838 3428 1042 3502 et'Rhodiis
1063 3428 1259 3526 adjuvanti-

200 3639 387 3702 quadragesimo
401 3658 480 3700 anno,
497 3643 540 3690 sed
554 3643 607 3690 haec
621 3654 706 3692 norat:
751 3644 818 3694 navis
832 3645 943 3694 lauream
956 3657 1115 3704 essenatam,·
1128 3646 1260 3693 Iorteena-
1356 3673 1358 3678 ·

199 3717 374 3765 «manifestum
397 3721 522 3774 mendum.
544 3720 651 3787 corrigit
669 3724 706 3771 st·
752 3737 820 3783 ram‚·
836 3724 927 3774 Duker.
945 3736 970 3774 et
988 3725 1112 3774 Drakenb.
1129 3725 1189 3774 coll.
1207 3726 1259 3772 Ην.

198 3795 285 3857 gonIus
314 3797 502 3862 quingentesimo
534 3801 705 3867 quinquagesi·
750 3805 866 3862 XXIIII,
887 3821 912 3862 1,
935 3806 1017 3863 XLII,
1040 3821 1070 3862 a,
1094 3807 1189 3863 XLIII,
1213 3805 1260 3864 13,

198 3889 247 3922 mo.
256 3874 343 3921 Annus
352 3887 433 3925 autem
442 3879 483 3927 ille
493 3880 613 3928 numerari
623 3880 707 3940 debet,
751 3883 817 3946 Epir.
832 3885 866 3941 L;
882 3883 946 3932 Flor.
958 3886 995 3940 11,
1010 3901 1033 3944 7,
1046 3882 1062 3948 S
1074 3901 1102 3943 73
1118 3885 1184 3932 Suet,
1195 3883 1260 3947 hug.

198 3968 229 3998 cx
240 3951 346 4000 calculo
365 3954 485 4005 Dodwell.
506 3957 617 4016 Ijviano,
635 3961 707 4008 DLII
752 3976 801 4023 9²³
815 3974 839 4009 et
850 3961 907 4022 alii,
921 3964 983 4011 inter
996 3979 1058 4026 quos
1069 3961 1259 4027 praesertimJul.

197 4030 229 4078 ab
242 4030 308 4078 Urbe
320 4031 426 4083 condita.
438 4057 450 4077 n
462 4039 506 4085 En.
752 4041 811 4089 Ohs.
820 4057 872 4104 cap.
884 4049 931 4102 473
942 4044 1041 4106 Lycost.
1050 4041 1117 4090 Edit.
1128 4051 1192 4090 nost.
1204 4041 1259 4088 Val.

233 4112 303 4159 Errr.
314 4113 424 4164 XXXII.
448 4132 469 4162 1.
489 4119 518 4163 In
533 4117 612 4182 puppi
628 4120 707 4184 longer
752 4121 819 4168 Max.
830 4121 899 4169 Tom.
915 4123 952 4180 II,
961 4132 1022 4185 part.
1034 4133 1097 4186 post.
1108 4139 1132 4186 p.
1145 4122 1185 4168 58.
1198 4123 1242 4168 En.
