<?xml version="1.0" encoding="UTF-8"?>
<!DOCTYPE html PUBLIC "-//W3C//DTD XHTML 1.0 Transitional//EN"
    "http://www.w3.org/TR/xhtml1/DTD/xhtml1-transitional.dtd">
<html xmlns="http://www.w3.org/1999/xhtml" xml:lang="en" lang="en">
 <head>
  <title>
</title>
<meta http-equiv="Content-Type" content="text/html;charset=utf-8" />
  <meta name='ocr-system' content='tesseract 3.04.00' />
  <meta name='ocr-capabilities' content='ocr_page ocr_carea ocr_par ocr_line ocrx_word'/>
</head>
<body>
  <div class='ocr_page' id='page_1' title='image "./titusliviuspata02freigoog_0053.png"; bbox 0 0 2972 4720; ppageno 0'>
   <div class='ocr_carea' id='block_1_1' title="bbox 184 354 1396 3556">
    <p class='ocr_par' dir='ltr' id='par_1_1' title="bbox 184 354 1396 3556">
     <span class='ocr_line' id='line_1_1' title="bbox 256 354 1317 458; baseline 0.007 -7"><span class='ocrx_word' id='word_1_1' title='bbox 256 371 303 454; x_wconf 73' lang='lat' dir='ltr'><em>ii</em></span> <span class='ocrx_word' id='word_1_2' title='bbox 677 369 716 436; x_wconf 82' lang='lat' dir='ltr'><em>T·</em></span> <span class='ocrx_word' id='word_1_3' title='bbox 748 367 883 438; x_wconf 66' lang='grc' dir='ltr'><em>[ΝΗ</em></span> <span class='ocrx_word' id='word_1_4' title='bbox 1166 355 1193 450; x_wconf 68' lang='lat'><em>1⁸1:</em></span> <span class='ocrx_word' id='word_1_5' title='bbox 1206 354 1317 458; x_wconf 50' lang='lat' dir='ltr'><em>{sen</em></span> 
     </span>
     <span class='ocr_line' id='line_1_2' title="bbox 255 488 1319 586; baseline 0.005 -28"><span class='ocrx_word' id='word_1_6' title='bbox 255 488 448 558; x_wconf 76' lang='lat' dir='ltr'><em>audissent.</em></span> <span class='ocrx_word' id='word_1_7' title='bbox 471 488 718 559; x_wconf 72' lang='lat' dir='ltr'><em>Samothracae</em></span> <span class='ocrx_word' id='word_1_8' title='bbox 730 505 914 586; x_wconf 73' lang='lat' dir='ltr'><em>praterea</em></span> <span class='ocrx_word' id='word_1_9' title='bbox 929 513 1000 586; x_wconf 84' lang='lat' dir='ltr'><em>per</em></span> <span class='ocrx_word' id='word_1_10' title='bbox 1016 491 1146 561; x_wconf 84' lang='lat' dir='ltr'><em>multos</em></span> <span class='ocrx_word' id='word_1_11' title='bbox 1165 492 1241 562; x_wconf 88' lang='lat' dir='ltr'><em>dies</em></span> <span class='ocrx_word' id='word_1_12' title='bbox 1257 519 1319 564; x_wconf 85' lang='lat' dir='ltr'><em>oe-</em></span> 
     </span>
     <span class='ocr_line' id='line_1_3' title="bbox 255 597 1320 694; baseline 0.007 -26"><span class='ocrx_word' id='word_1_13' title='bbox 255 597 391 668; x_wconf 82' lang='lat' dir='ltr'><em>cultum</em></span> <span class='ocrx_word' id='word_1_14' title='bbox 414 597 601 668; x_wconf 84' lang='lat' dir='ltr'><em>eonsilium</em></span> <span class='ocrx_word' id='word_1_15' title='bbox 629 623 711 668; x_wconf 82' lang='lat' dir='ltr'><em>cum</em></span> <span class='ocrx_word' id='word_1_16' title='bbox 738 599 976 694; x_wconf 72' lang='lat' dir='ltr'><em>legationibus</em></span> <span class='ocrx_word' id='word_1_17' title='bbox 1003 607 1198 671; x_wconf 83' lang='lat' dir='ltr'><em>civitatium</em></span> <span class='ocrx_word' id='word_1_18' title='bbox 1216 607 1320 676; x_wconf 85' lang='lat' dir='ltr'><em>Asiae</em></span> 
     </span>
     <span class='ocr_line' id='line_1_4' title="bbox 256 708 1320 807; baseline 0.008 -31"><span class='ocrx_word' id='word_1_19' title='bbox 256 733 374 804; x_wconf 79' lang='lat' dir='ltr'><em>regem</em></span> <span class='ocrx_word' id='word_1_20' title='bbox 392 708 571 778; x_wconf 77' lang='lat' dir='ltr'><em>habuisse.</em></span> <span class='ocrx_word' id='word_1_21' title='bbox 594 714 667 779; x_wconf 89' lang='lat' dir='ltr'><em>Pro</em></span> <span class='ocrx_word' id='word_1_22' title='bbox 689 711 746 779; x_wconf 79' lang='lat' dir='ltr'><em>liis</em></span> <span class='ocrx_word' id='word_1_23' title='bbox 768 712 908 804; x_wconf 82' lang='lat' dir='ltr'><em>injuriis</em></span> <span class='ocrx_word' id='word_1_24' title='bbox 930 717 1017 781; x_wconf 85' lang='lat' dir='ltr'><em>satis</em></span> <span class='ocrx_word' id='word_1_25' title='bbox 1027 714 1136 807; x_wconf 85' lang='lat' dir='ltr'><em>fieri,</em></span> <span class='ocrx_word' id='word_1_26' title='bbox 1153 730 1320 785; x_wconf 75' lang='lat' dir='ltr'><em>senonem</em></span> 
     </span>
     <span class='ocr_line' id='line_1_5' title="bbox 256 819 1321 920; baseline 0.008 -33"><span class='ocrx_word' id='word_1_27' title='bbox 256 841 404 914; x_wconf 82' lang='lat' dir='ltr'><em>oeqnum</em></span> <span class='ocrx_word' id='word_1_28' title='bbox 418 841 578 904; x_wconf 86' lang='lat' dir='ltr'><em>censere,</em></span> <span class='ocrx_word' id='word_1_29' title='bbox 596 819 771 915; x_wconf 82' lang='lat' dir='ltr'><em>reddique</em></span> <span class='ocrx_word' id='word_1_30' title='bbox 787 820 859 889; x_wconf 92' lang='lat' dir='ltr'><em>sibi</em></span> <span class='ocrx_word' id='word_1_31' title='bbox 869 843 925 890; x_wconf 88' lang='lat' dir='ltr'><em>res</em></span> <span class='ocrx_word' id='word_1_32' title='bbox 933 827 1111 918; x_wconf 69' lang='lat' dir='ltr'><em>sociisque</em></span> <span class='ocrx_word' id='word_1_33' title='bbox 1122 829 1213 909; x_wconf 83' lang='lat' dir='ltr'><em>suis,</em></span> <span class='ocrx_word' id='word_1_34' title='bbox 1227 851 1321 920; x_wconf 84' lang='lat' dir='ltr'><em>quas</em></span> 
     </span>
     <span class='ocr_line' id='line_1_6' title="bbox 254 929 1320 1028; baseline 0.006 -30"><span class='ocrx_word' id='word_1_35' title='bbox 254 931 451 1022; x_wconf 82' lang='lat' dir='ltr'><em>eontrajns</em></span> <span class='ocrx_word' id='word_1_36' title='bbox 457 930 611 1019; x_wconf 83' lang='lat' dir='ltr'><em>foederis</em></span> <span class='ocrx_word' id='word_1_37' title='bbox 630 929 770 1000; x_wconf 77' lang='lat' dir='ltr'><em>habeat.</em></span> <span class='ocrx_word' id='word_1_38' title='bbox 790 935 923 1024; x_wconf 78' lang='lat' dir='ltr'><em>Regem</em></span> <span class='ocrx_word' id='word_1_39' title='bbox 936 931 990 1000; x_wconf 86' lang='lat' dir='ltr'><em>ad</em></span> <span class='ocrx_word' id='word_1_40' title='bbox 1000 955 1044 1000; x_wconf 88' lang='lat' dir='ltr'><em>ea</em></span> <span class='ocrx_word' id='word_1_41' title='bbox 1051 929 1176 1028; x_wconf 80' lang='lat' dir='ltr'><em>primo</em></span> <span class='ocrx_word' id='word_1_42' title='bbox 1191 955 1320 1004; x_wconf 86' lang='lat' dir='ltr'><em>acoen-</em></span> 
     </span>
     <span class='ocr_line' id='line_1_7' title="bbox 253 1038 1318 1138; baseline 0.006 -30"><span class='ocrx_word' id='word_1_43' title='bbox 253 1063 334 1108; x_wconf 84' lang='lat' dir='ltr'><em>sum</em></span> <span class='ocrx_word' id='word_1_44' title='bbox 351 1046 406 1120; x_wconf 85' lang='lat' dir='ltr'><em>ira</em></span> <span class='ocrx_word' id='word_1_45' title='bbox 425 1038 653 1110; x_wconf 73' lang='lat' dir='ltr'><em>inclementer</em></span> <span class='ocrx_word' id='word_1_46' title='bbox 665 1039 872 1132; x_wconf 69' lang='lat' dir='ltr'><em>loquentum,</em></span> <span class='ocrx_word' id='word_1_47' title='bbox 890 1043 1080 1111; x_wconf 75' lang='lat' dir='ltr'><em>avaritiam</em></span> <span class='ocrx_word' id='word_1_48' title='bbox 1093 1043 1318 1138; x_wconf 83' lang='lat' dir='ltr'><em>superbiam-</em></span> 
     </span>
     <span class='ocr_line' id='line_1_8' title="bbox 254 1149 1324 1249; baseline 0.003 -30"><span class='ocrx_word' id='word_1_49' title='bbox 254 1173 326 1246; x_wconf 83' lang='lat' dir='ltr'><em>que</em></span> <span class='ocrx_word' id='word_1_50' title='bbox 344 1153 515 1243; x_wconf 78' lang='lat' dir='ltr'><em>Rornanis</em></span> <span class='ocrx_word' id='word_1_51' title='bbox 533 1149 759 1246; x_wconf 83' lang='lat' dir='ltr'><em>objicientem</em></span> <span class='ocrx_word' id='word_1_52' title='bbox 765 1152 1000 1247; x_wconf 61' lang='lat' dir='ltr'><em>frequentem</em></span> <span class='ocrx_word' id='word_1_53' title='bbox 1019 1149 1120 1247; x_wconf 86' lang='lat' dir='ltr'><em>quod</em></span> <span class='ocrx_word' id='word_1_54' title='bbox 1133 1151 1199 1220; x_wconf 84' lang='lat' dir='ltr'><em>alii</em></span> <span class='ocrx_word' id='word_1_55' title='bbox 1212 1175 1324 1249; x_wconf 84' lang='lat' dir='ltr'><em>super</em></span> 
     </span>
     <span class='ocr_line' id='line_1_9' title="bbox 255 1256 1396 1358; baseline 0.006 -32"><span class='ocrx_word' id='word_1_56' title='bbox 255 1256 346 1328; x_wconf 79' lang='lat' dir='ltr'><em>oleos</em></span> <span class='ocrx_word' id='word_1_57' title='bbox 373 1258 482 1355; x_wconf 78' lang='lat' dir='ltr'><em>legati</em></span> <span class='ocrx_word' id='word_1_58' title='bbox 503 1265 670 1330; x_wconf 81' lang='lat' dir='ltr'><em>venirent</em></span> <span class='ocrx_word' id='word_1_59' title='bbox 691 1259 872 1356; x_wconf 81' lang='lat' dir='ltr'><em>speculari</em></span> <span class='ocrx_word' id='word_1_60' title='bbox 877 1256 891 1302; x_wconf 81' lang='lat'>³</span> <span class='ocrx_word' id='word_1_61' title='bbox 919 1261 1015 1330; x_wconf 85' lang='lat' dir='ltr'><em>dieta</em></span> <span class='ocrx_word' id='word_1_62' title='bbox 1028 1262 1210 1358; x_wconf 81' lang='lat' dir='ltr'><em>factoque</em></span> <span class='ocrx_word' id='word_1_63' title='bbox 1228 1277 1319 1350; x_wconf 78' lang='lat' dir='ltr'><em>saa,</em></span> <span class='ocrx_word' id='word_1_64' title='bbox 1394 1291 1396 1302; x_wconf 92' lang='lat'>·</span> 
     </span>
     <span class='ocr_line' id='line_1_10' title="bbox 255 1367 1321 1467; baseline 0.006 -31"><span class='ocrx_word' id='word_1_65' title='bbox 255 1367 358 1462; x_wconf 84' lang='lat' dir='ltr'><em>quod</em></span> <span class='ocrx_word' id='word_1_66' title='bbox 370 1391 409 1437; x_wconf 91' lang='lat' dir='ltr'><em>se</em></span> <span class='ocrx_word' id='word_1_67' title='bbox 427 1369 480 1438; x_wconf 88' lang='lat' dir='ltr'><em>ad</em></span> <span class='ocrx_word' id='word_1_68' title='bbox 496 1384 625 1438; x_wconf 84' lang='lat' dir='ltr'><em>nutum</em></span> <span class='ocrx_word' id='word_1_69' title='bbox 644 1374 905 1467; x_wconf 79' lang='lat' dir='ltr'><em>i’rnperiumque</em></span> <span class='ocrx_word' id='word_1_70' title='bbox 923 1391 1047 1440; x_wconf 84' lang='lat' dir='ltr'><em>eorum</em></span> <span class='ocrx_word' id='word_1_71' title='bbox 1064 1377 1187 1442; x_wconf 87' lang='lat' dir='ltr'><em>omnia</em></span> <span class='ocrx_word' id='word_1_72' title='bbox 1203 1373 1321 1443; x_wconf 78' lang='lat' dir='ltr'><em>dicere</em></span> 
     </span>
     <span class='ocr_line' id='line_1_11' title="bbox 255 1477 1321 1576; baseline 0.007 -31"><span class='ocrx_word' id='word_1_73' title='bbox 255 1499 299 1545; x_wconf 87' lang='lat' dir='ltr'><em>ac</em></span> <span class='ocrx_word' id='word_1_74' title='bbox 312 1478 443 1567; x_wconf 85' lang='lat' dir='ltr'><em>faeere</em></span> <span class='ocrx_word' id='word_1_75' title='bbox 469 1499 617 1576; x_wconf 80' lang='lat' dir='ltr'><em>aequnm</em></span> <span class='ocrx_word' id='word_1_76' title='bbox 644 1495 834 1548; x_wconf 84' lang='lat' dir='ltr'><em>censerent.</em></span> <span class='ocrx_word' id='word_1_77' title='bbox 860 1484 1070 1566; x_wconf 79' lang='lat' dir='ltr'><em>Postremo,</em></span> <span class='ocrx_word' id='word_1_78' title='bbox 1097 1477 1249 1552; x_wconf 83' lang='lat' dir='ltr'><em>mulium</em></span> <span class='ocrx_word' id='word_1_79' title='bbox 1275 1505 1321 1552; x_wconf 80' lang='lat' dir='ltr'><em>oe</em></span> 
     </span>
     <span class='ocr_line' id='line_1_12' title="bbox 255 1587 1320 1688; baseline 0.004 -31"><span class='ocrx_word' id='word_1_80' title='bbox 255 1587 319 1656; x_wconf 83' lang='lat' dir='ltr'><em>dia</em></span> <span class='ocrx_word' id='word_1_81' title='bbox 333 1590 570 1679; x_wconf 66' lang='lat' dir='ltr'><em>voefferatum</em></span> <span class='ocrx_word' id='word_1_82' title='bbox 578 1642 589 1675; x_wconf 88' lang='lat'>,</span> <span class='ocrx_word' id='word_1_83' title='bbox 608 1595 735 1658; x_wconf 82' lang='lat' dir='ltr'><em>reverti</em></span> <span class='ocrx_word' id='word_1_84' title='bbox 738 1605 888 1686; x_wconf 85' lang='lat' dir='ltr'><em>postero</em></span> <span class='ocrx_word' id='word_1_85' title='bbox 901 1589 962 1658; x_wconf 88' lang='lat' dir='ltr'><em>die</em></span> <span class='ocrx_word' id='word_1_86' title='bbox 965 1592 1127 1682; x_wconf 85' lang='lat' dir='ltr'><em>jussisse.</em></span> <span class='ocrx_word' id='word_1_87' title='bbox 1142 1594 1320 1688; x_wconf 69' lang='lat' dir='ltr'><em>Senpmrn</em></span> 
     </span>
     <span class='ocr_line' id='line_1_13' title="bbox 254 1698 1321 1797; baseline 0.004 -30"><span class='ocrx_word' id='word_1_88' title='bbox 254 1719 294 1766; x_wconf 88' lang='lat' dir='ltr'><em>se</em></span> <span class='ocrx_word' id='word_1_89' title='bbox 311 1722 519 1796; x_wconf 82' lang='lat' dir='ltr'><em>responsum</em></span> <span class='ocrx_word' id='word_1_90' title='bbox 544 1699 635 1770; x_wconf 85' lang='lat' dir='ltr'><em>dare</em></span> <span class='ocrx_word' id='word_1_91' title='bbox 656 1698 760 1770; x_wconf 82' lang='lat' dir='ltr'><em>velle.</em></span> <span class='ocrx_word' id='word_1_92' title='bbox 790 1705 881 1770; x_wconf 85' lang='lat' dir='ltr'><em>Tam</em></span> <span class='ocrx_word' id='word_1_93' title='bbox 904 1706 955 1768; x_wconf 87' lang='lat' dir='ltr'><em>ita</em></span> <span class='ocrx_word' id='word_1_94' title='bbox 975 1699 1048 1768; x_wconf 83' lang='lat' dir='ltr'><em>sibi</em></span> <span class='ocrx_word' id='word_1_95' title='bbox 1061 1705 1232 1797; x_wconf 82' lang='lat' dir='ltr'><em>seriptum</em></span> <span class='ocrx_word' id='word_1_96' title='bbox 1251 1718 1321 1771; x_wconf 85' lang='lat' dir='ltr'><em>tra-</em></span> 
     </span>
     <span class='ocr_line' id='line_1_14' title="bbox 255 1798 1320 1907; baseline 0.004 -31"><span class='ocrx_word' id='word_1_97' title='bbox 255 1807 370 1876; x_wconf 82' lang='lat' dir='ltr'><em>ditum</em></span> <span class='ocrx_word' id='word_1_98' title='bbox 384 1831 483 1878; x_wconf 84' lang='lat' dir='ltr'><em>esse:</em></span> <span class='ocrx_word' id='word_1_99' title='bbox 499 1809 651 1895; x_wconf 80' lang='lat' dir='ltr'><em>Foedns,</em></span> <span class='ocrx_word' id='word_1_100' title='bbox 668 1798 1009 1906; x_wconf 70' lang='lat' dir='ltr'><em>campanensem,</em></span> <span class='ocrx_word' id='word_1_101' title='bbox 1027 1809 1128 1879; x_wconf 84' lang='lat' dir='ltr'><em>adse</em></span> <span class='ocrx_word' id='word_1_102' title='bbox 1139 1809 1320 1907; x_wconf 79' lang='lat' dir='ltr'><em>ni‘izilper·</em></span> 
     </span>
     <span class='ocr_line' id='line_1_15' title="bbox 257 1915 1320 2017; baseline 0.008 -35"><span class='ocrx_word' id='word_1_103' title='bbox 257 1921 377 1984; x_wconf 87' lang='lat' dir='ltr'><em>tinere.</em></span> <span class='ocrx_word' id='word_1_104' title='bbox 396 1915 446 2002; x_wconf 85' lang='lat' dir='ltr'><em>Id</em></span> <span class='ocrx_word' id='word_1_105' title='bbox 457 1939 497 1985; x_wconf 89' lang='lat' dir='ltr'><em>se</em></span> <span class='ocrx_word' id='word_1_106' title='bbox 512 1925 692 2004; x_wconf 85' lang='lat' dir='ltr'><em>renovari,</em></span> <span class='ocrx_word' id='word_1_107' title='bbox 711 1943 784 1988; x_wconf 89' lang='lat' dir='ltr'><em>non</em></span> <span class='ocrx_word' id='word_1_108' title='bbox 799 1923 888 2015; x_wconf 84' lang='lat' dir='ltr'><em>qaia</em></span> <span class='ocrx_word' id='word_1_109' title='bbox 894 1917 1087 2014; x_wconf 83' lang='lat' dir='ltr'><em>probaret,</em></span> <span class='ocrx_word' id='word_1_110' title='bbox 1103 1920 1170 1990; x_wconf 88' lang='lat' dir='ltr'><em>sed</em></span> <span class='ocrx_word' id='word_1_111' title='bbox 1179 1927 1268 2017; x_wconf 82' lang='lat' dir='ltr'><em>quia</em></span> <span class='ocrx_word' id='word_1_112' title='bbox 1282 1927 1320 1992; x_wconf 92' lang='lat' dir='ltr'><em>in</em></span> 
     </span>
     <span class='ocr_line' id='line_1_16' title="bbox 257 2026 1320 2127; baseline 0.009 -36"><span class='ocrx_word' id='word_1_113' title='bbox 257 2047 349 2092; x_wconf 84' lang='lat' dir='ltr'><em>nova</em></span> <span class='ocrx_word' id='word_1_114' title='bbox 368 2031 594 2120; x_wconf 80' lang='lat' dir='ltr'><em>possessione</em></span> <span class='ocrx_word' id='word_1_115' title='bbox 618 2033 719 2122; x_wconf 77' lang='lat' dir='ltr'><em>regni</em></span> <span class='ocrx_word' id='word_1_116' title='bbox 730 2026 913 2124; x_wconf 80' lang='lat' dir='ltr'><em>patienda</em></span> <span class='ocrx_word' id='word_1_117' title='bbox 937 2033 1060 2098; x_wconf 89' lang='lat' dir='ltr'><em>omnia</em></span> <span class='ocrx_word' id='word_1_118' title='bbox 1079 2046 1211 2116; x_wconf 83' lang='lat' dir='ltr'><em>essent,</em></span> <span class='ocrx_word' id='word_1_119' title='bbox 1225 2055 1320 2127; x_wconf 84' lang='lat' dir='ltr'><em>pas-</em></span> 
     </span>
     <span class='ocr_line' id='line_1_17' title="bbox 256 2136 1321 2227; baseline 0.007 -26"><span class='ocrx_word' id='word_1_120' title='bbox 256 2146 353 2202; x_wconf 79' lang='lat' dir='ltr'><em>sam.¹</em></span> <span class='ocrx_word' id='word_1_121' title='bbox 363 2137 404 2203; x_wconf 83' lang='lat' dir='ltr'><em>Si</em></span> <span class='ocrx_word' id='word_1_122' title='bbox 414 2157 545 2206; x_wconf 84' lang='lat' dir='ltr'><em>novum</em></span> <span class='ocrx_word' id='word_1_123' title='bbox 547 2138 675 2227; x_wconf 77' lang='lat' dir='ltr'><em>sindus</em></span> <span class='ocrx_word' id='word_1_124' title='bbox 692 2163 813 2209; x_wconf 81' lang='lat' dir='ltr'><em>seeum</em></span> <span class='ocrx_word' id='word_1_125' title='bbox 819 2139 950 2227; x_wconf 88' lang='lat' dir='ltr'><em>faeere</em></span> <span class='ocrx_word' id='word_1_126' title='bbox 965 2136 1116 2224; x_wconf 79' lang='lat' dir='ltr'><em>vellent,</em></span> <span class='ocrx_word' id='word_1_127' title='bbox 1135 2145 1321 2210; x_wconf 81' lang='lat' dir='ltr'><em>convenire</em></span> 
     </span>
     <span class='ocr_line' id='line_1_18' title="bbox 250 2245 1333 2340; baseline 0.006 -28"><span class='ocrx_word' id='word_1_128' title='bbox 250 2250 355 2340; x_wconf 79' lang='lat' dir='ltr'><em>prz&#39;os</em></span> <span class='ocrx_word' id='word_1_129' title='bbox 367 2245 414 2316; x_wconf 85' lang='lat' dir='ltr'><em>de</em></span> <span class='ocrx_word' id='word_1_130' title='bbox 429 2248 691 2319; x_wconf 82' lang='lat' dir='ltr'><em>conditionibus</em></span> <span class='ocrx_word' id='word_1_131' title='bbox 709 2248 857 2336; x_wconf 86' lang='lat' dir='ltr'><em>debere‚·</em></span> <span class='ocrx_word' id='word_1_132' title='bbox 869 2264 922 2335; x_wconf 85' lang='lat' dir='ltr'><em>et,</em></span> <span class='ocrx_word' id='word_1_133' title='bbox 941 2254 1023 2319; x_wconf 91' lang='lat' dir='ltr'><em>siin</em></span> <span class='ocrx_word' id='word_1_134' title='bbox 1037 2255 1200 2319; x_wconf 80' lang='lat' dir='ltr'><em>animani</em></span> <span class='ocrx_word' id='word_1_135' title='bbox 1217 2247 1333 2336; x_wconf 59' lang='lat' dir='ltr'><em>inda?</em></span> 
     </span>
     <span class='ocr_line' id='line_1_19' title="bbox 255 2358 1324 2456; baseline 0.002 -31"><span class='ocrx_word' id='word_1_136' title='bbox 255 2373 388 2442; x_wconf 80' lang='lat' dir='ltr'><em>serent,</em></span> <span class='ocrx_word' id='word_1_137' title='bbox 408 2374 447 2428; x_wconf 80' lang='lat' dir='ltr'><em>ot</em></span> <span class='ocrx_word' id='word_1_138' title='bbox 463 2381 511 2428; x_wconf 77' lang='lat' dir='ltr'><em>ex</em></span> <span class='ocrx_word' id='word_1_139' title='bbox 527 2381 634 2456; x_wconf 72' lang='lat' dir='ltr'><em>aequo</em></span> <span class='ocrx_word' id='word_1_140' title='bbox 641 2359 771 2450; x_wconf 80' lang='lat' dir='ltr'><em>foedns</em></span> <span class='ocrx_word' id='word_1_141' title='bbox 777 2361 906 2454; x_wconf 85' lang='lat' dir='ltr'><em>fieret,</em></span> <span class='ocrx_word' id='word_1_142' title='bbox 925 2375 1014 2429; x_wconf 83' lang='lat' dir='ltr'><em>etse</em></span> <span class='ocrx_word' id='word_1_143' title='bbox 1031 2365 1215 2446; x_wconf 74' lang='lat' dir='ltr'><em>visorum,</em></span> <span class='ocrx_word' id='word_1_144' title='bbox 1231 2358 1324 2455; x_wconf 82' lang='lat' dir='ltr'><em>qaid</em></span> 
     </span>
     <span class='ocr_line' id='line_1_20' title="bbox 255 2465 1320 2566; baseline 0.003 -32"><span class='ocrx_word' id='word_1_145' title='bbox 255 2465 552 2556; x_wconf 84' lang='lat' dir='ltr'><em>sibifaeinndum</em></span> <span class='ocrx_word' id='word_1_146' title='bbox 570 2485 678 2556; x_wconf 82' lang='lat' dir='ltr'><em>esset,</em></span> <span class='ocrx_word' id='word_1_147' title='bbox 698 2486 735 2539; x_wconf 85' lang='lat' dir='ltr'><em>et</em></span> <span class='ocrx_word' id='word_1_148' title='bbox 751 2467 829 2539; x_wconf 85' lang='lat' dir='ltr'><em>illos</em></span> <span class='ocrx_word' id='word_1_149' title='bbox 847 2467 990 2538; x_wconf 86' lang='lat' dir='ltr'><em>eredere</em></span> <span class='ocrx_word' id='word_1_150' title='bbox 1009 2468 1217 2566; x_wconf 70' lang='lat' dir='ltr'><em>reipublicae</em></span> <span class='ocrx_word' id='word_1_151' title='bbox 1234 2489 1320 2538; x_wconf 87' lang='lat' dir='ltr'><em>eon-</em></span> 
     </span>
     <span class='ocr_line' id='line_1_21' title="bbox 255 2575 1321 2677; baseline 0.004 -33"><span class='ocrx_word' id='word_1_152' title='bbox 255 2575 420 2648; x_wconf 83' lang='lat' dir='ltr'><em>solturos.</em></span> <span class='ocrx_word' id='word_1_153' title='bbox 435 2581 558 2675; x_wconf 77' lang='lat' dir='ltr'><em>Aeque</em></span> <span class='ocrx_word' id='word_1_154' title='bbox 576 2585 626 2648; x_wconf 84' lang='lat' dir='ltr'><em>ita</em></span> <span class='ocrx_word' id='word_1_155' title='bbox 645 2605 684 2650; x_wconf 89' lang='lat' dir='ltr'><em>se</em></span> <span class='ocrx_word' id='word_1_156' title='bbox 696 2585 934 2677; x_wconf 75' lang='lat' dir='ltr'><em>proripuisse,</em></span> <span class='ocrx_word' id='word_1_157' title='bbox 957 2597 994 2650; x_wconf 84' lang='lat' dir='ltr'><em>et</em></span> <span class='ocrx_word' id='word_1_158' title='bbox 1007 2579 1211 2650; x_wconf 79' lang='lat' dir='ltr'><em>submoveri</em></span> <span class='ocrx_word' id='word_1_159' title='bbox 1228 2603 1249 2650; x_wconf 89' lang='lat' dir='ltr'><em>e</em></span> <span class='ocrx_word' id='word_1_160' title='bbox 1264 2603 1321 2650; x_wconf 87' lang='lat' dir='ltr'><em>re-</em></span> 
     </span>
     <span class='ocr_line' id='line_1_22' title="bbox 252 2691 1321 2786; baseline 0.005 -31"><span class='ocrx_word' id='word_1_161' title='bbox 252 2691 316 2781; x_wconf 82' lang='lat' dir='ltr'><em>gia</em></span> <span class='ocrx_word' id='word_1_162' title='bbox 341 2697 464 2758; x_wconf 83' lang='lat' dir='ltr'><em>omnes</em></span> <span class='ocrx_word' id='word_1_163' title='bbox 488 2706 628 2786; x_wconf 83' lang='lat' dir='ltr'><em>coeptos.</em></span> <span class='ocrx_word' id='word_1_164' title='bbox 660 2695 751 2761; x_wconf 82' lang='lat' dir='ltr'><em>Tam</em></span> <span class='ocrx_word' id='word_1_165' title='bbox 777 2716 815 2761; x_wconf 89' lang='lat' dir='ltr'><em>se</em></span> <span class='ocrx_word' id='word_1_166' title='bbox 838 2697 1036 2762; x_wconf 86' lang='lat' dir='ltr'><em>amicitiam</em></span> <span class='ocrx_word' id='word_1_167' title='bbox 1059 2708 1096 2761; x_wconf 82' lang='lat' dir='ltr'><em>et</em></span> <span class='ocrx_word' id='word_1_168' title='bbox 1115 2697 1321 2762; x_wconf 84' lang='lat' dir='ltr'><em>societatem</em></span> 
     </span>
     <span class='ocr_line' id='line_1_23' title="bbox 255 2801 1322 2896; baseline 0.006 -32"><span class='ocrx_word' id='word_1_169' title='bbox 255 2802 487 2868; x_wconf 81' lang='lat' dir='ltr'><em>renuntiasse.</em></span> <span class='ocrx_word' id='word_1_170' title='bbox 509 2801 593 2890; x_wconf 79' lang='lat' dir='ltr'><em>Qua</em></span> <span class='ocrx_word' id='word_1_171' title='bbox 607 2823 698 2870; x_wconf 84' lang='lat' dir='ltr'><em>voce</em></span> <span class='ocrx_word' id='word_1_172' title='bbox 713 2819 796 2870; x_wconf 83' lang='lat' dir='ltr'><em>enm</em></span> <span class='ocrx_word' id='word_1_173' title='bbox 811 2825 1001 2872; x_wconf 82' lang='lat' dir='ltr'><em>accensam</em></span> <span class='ocrx_word' id='word_1_174' title='bbox 1017 2807 1198 2886; x_wconf 77' lang='lat' dir='ltr'><em>restitisse,</em></span> <span class='ocrx_word' id='word_1_175' title='bbox 1212 2817 1322 2896; x_wconf 80' lang='lat' dir='ltr'><em>atque</em></span> 
     </span>
     <span class='ocr_line' id='line_1_24' title="bbox 254 2907 1320 3008; baseline 0.003 -32"><span class='ocrx_word' id='word_1_176' title='bbox 254 2929 344 2976; x_wconf 85' lang='lat' dir='ltr'><em>voce</em></span> <span class='ocrx_word' id='word_1_177' title='bbox 360 2907 460 2978; x_wconf 87' lang='lat' dir='ltr'><em>clara</em></span> <span class='ocrx_word' id='word_1_178' title='bbox 480 2910 709 2980; x_wconf 80' lang='lat' dir='ltr'><em>denuntiasse</em></span> <span class='ocrx_word' id='word_1_179' title='bbox 724 2911 811 2999; x_wconf 84' lang='lat' dir='ltr'><em>sibi,</em></span> <span class='ocrx_word' id='word_1_180' title='bbox 835 2928 877 2984; x_wconf 81' lang='lat' dir='ltr'><em>at</em></span> <span class='ocrx_word' id='word_1_181' title='bbox 892 2912 1008 2983; x_wconf 84' lang='lat' dir='ltr'><em>triduo</em></span> <span class='ocrx_word' id='word_1_182' title='bbox 1025 2918 1128 3008; x_wconf 77' lang='lat' dir='ltr'><em>regni</em></span> <span class='ocrx_word' id='word_1_183' title='bbox 1142 2918 1202 2982; x_wconf 84' lang='lat' dir='ltr'><em>sni</em></span> <span class='ocrx_word' id='word_1_184' title='bbox 1218 2912 1320 2981; x_wconf 88' lang='lat' dir='ltr'><em>deee-</em></span> 
     </span>
     <span class='ocr_line' id='line_1_25' title="bbox 227 3017 1322 3120; baseline 0.002 -34"><span class='ocrx_word' id='word_1_185' title='bbox 227 3115 229 3120; x_wconf 85' lang='lat'><em>.</em></span> <span class='ocrx_word' id='word_1_186' title='bbox 254 3017 540 3115; x_wconf 80' lang='lat' dir='ltr'><em>derentfinibas.</em></span> <span class='ocrx_word' id='word_1_187' title='bbox 561 3026 619 3091; x_wconf 85' lang='lat' dir='ltr'><em>Ita</em></span> <span class='ocrx_word' id='word_1_188' title='bbox 636 3046 675 3091; x_wconf 86' lang='lat' dir='ltr'><em>se</em></span> <span class='ocrx_word' id='word_1_189' title='bbox 687 3024 972 3118; x_wconf 76' lang='lat' dir='ltr'><em>profectos;,nee</em></span> <span class='ocrx_word' id='word_1_190' title='bbox 989 3021 1061 3093; x_wconf 88' lang='lat' dir='ltr'><em>sibi</em></span> <span class='ocrx_word' id='word_1_191' title='bbox 1066 3077 1076 3108; x_wconf 90' lang='lat'>,</span> <span class='ocrx_word' id='word_1_192' title='bbox 1098 3037 1165 3092; x_wconf 82' lang='lat' dir='ltr'><em>ant</em></span> <span class='ocrx_word' id='word_1_193' title='bbox 1176 3026 1322 3112; x_wconf 81' lang='lat' dir='ltr'><em>venien-</em></span> 
     </span>
     <span class='ocr_line' id='line_1_26' title="bbox 232 3127 1322 3230; baseline 0 -32"><span class='ocrx_word' id='word_1_194' title='bbox 232 3157 234 3162; x_wconf 93' lang='lat'>·</span> <span class='ocrx_word' id='word_1_195' title='bbox 254 3128 364 3215; x_wconf 84' lang='lat' dir='ltr'><em>tibus,</em></span> <span class='ocrx_word' id='word_1_196' title='bbox 382 3146 449 3200; x_wconf 82' lang='lat' dir='ltr'><em>ant</em></span> <span class='ocrx_word' id='word_1_197' title='bbox 463 3131 708 3219; x_wconf 81' lang='lat' dir='ltr'><em>manentibus,</em></span> <span class='ocrx_word' id='word_1_198' title='bbox 727 3133 930 3230; x_wconf 82' lang='lat' dir='ltr'><em>quidquam</em></span> <span class='ocrx_word' id='word_1_199' title='bbox 946 3127 1172 3228; x_wconf 82' lang='lat' dir='ltr'><em>hospitaliter</em></span> <span class='ocrx_word' id='word_1_200' title='bbox 1183 3143 1249 3197; x_wconf 82' lang='lat' dir='ltr'><em>aut</em></span> <span class='ocrx_word' id='word_1_201' title='bbox 1262 3129 1322 3198; x_wconf 89' lang='lat' dir='ltr'><em>be-</em></span> 
     </span>
     <span class='ocr_line' id='line_1_27' title="bbox 255 3231 1353 3336; baseline 0.004 -32"><span class='ocrx_word' id='word_1_202' title='bbox 255 3242 363 3332; x_wconf 76' lang='lat' dir='ltr'><em>nigne</em></span> <span class='ocrx_word' id='word_1_203' title='bbox 371 3241 531 3326; x_wconf 81' lang='lat' dir='ltr'><em>foetam.</em></span> <span class='ocrx_word' id='word_1_204' title='bbox 550 3237 710 3311; x_wconf 81' lang='lat' dir='ltr'><em>Thessali</em></span> <span class='ocrx_word' id='word_1_205' title='bbox 729 3241 858 3312; x_wconf 85' lang='lat' dir='ltr'><em>deinde</em></span> <span class='ocrx_word' id='word_1_206' title='bbox 875 3240 1053 3336; x_wconf 85' lang='lat' dir='ltr'><em>AEtolique</em></span> <span class='ocrx_word' id='word_1_207' title='bbox 1071 3231 1176 3333; x_wconf 80' lang='lat' dir='ltr'><em>legati</em></span> <span class='ocrx_word' id='word_1_208' title='bbox 1197 3237 1319 3308; x_wconf 84' lang='lat' dir='ltr'><em>auditi.</em></span> <span class='ocrx_word' id='word_1_209' title='bbox 1350 3245 1353 3250; x_wconf 87' lang='grc'><strong>’</strong></span> 
     </span>
     <span class='ocr_line' id='line_1_28' title="bbox 184 3345 1322 3449; baseline 0.004 -33"><span class='ocrx_word' id='word_1_210' title='bbox 184 3345 191 3360; x_wconf 77' lang='grc'><em>“</em></span> <span class='ocrx_word' id='word_1_211' title='bbox 254 3348 420 3433; x_wconf 84' lang='lat' dir='ltr'><em>Senatui,</em></span> <span class='ocrx_word' id='word_1_212' title='bbox 447 3364 488 3418; x_wconf 88' lang='lat' dir='ltr'><em>ut</em></span> <span class='ocrx_word' id='word_1_213' title='bbox 514 3351 647 3422; x_wconf 86' lang='lat' dir='ltr'><em>scirent</em></span> <span class='ocrx_word' id='word_1_214' title='bbox 670 3375 779 3447; x_wconf 85' lang='lat' dir='ltr'><strong>quam</strong></span> <span class='ocrx_word' id='word_1_215' title='bbox 806 3353 987 3449; x_wconf 86' lang='lat' dir='ltr'><em>primum,</em></span> <span class='ocrx_word' id='word_1_216' title='bbox 1013 3345 1146 3444; x_wconf 91' lang='lat' dir='ltr'><em>quibus</em></span> <span class='ocrx_word' id='word_1_217' title='bbox 1167 3345 1322 3420; x_wconf 84' lang='lat' dir='ltr'><em>ducibus</em></span> 
     </span>
     <span class='ocr_line' id='line_1_29' title="bbox 254 3457 1318 3556; baseline 0.006 -32"><span class='ocrx_word' id='word_1_218' title='bbox 254 3479 360 3526; x_wconf 84' lang='lat' dir='ltr'><em>usura</em></span> <span class='ocrx_word' id='word_1_219' title='bbox 387 3457 588 3554; x_wconf 84' lang='lat' dir='ltr'><em>respublica</em></span> <span class='ocrx_word' id='word_1_220' title='bbox 615 3473 728 3548; x_wconf 85' lang='lat' dir='ltr'><em>esset,</em></span> <span class='ocrx_word' id='word_1_221' title='bbox 755 3461 874 3534; x_wconf 84' lang='lat' dir='ltr'><em>literas</em></span> <span class='ocrx_word' id='word_1_222' title='bbox 898 3460 991 3529; x_wconf 84' lang='lat' dir='ltr'><em>mitti</em></span> <span class='ocrx_word' id='word_1_223' title='bbox 1014 3457 1221 3530; x_wconf 87' lang='lat' dir='ltr'><em>consulibus</em></span> <span class='ocrx_word' id='word_1_224' title='bbox 1241 3459 1318 3556; x_wconf 88' lang='lat' dir='ltr'>pla·</span> 
     </span>
    </p>
   </div>
   <div class='ocr_carea' id='block_1_2' title="bbox 249 3639 1321 4188">
    <p class='ocr_par' dir='ltr' id='par_1_2' title="bbox 249 3639 1321 4188">
     <span class='ocr_line' id='line_1_30' title="bbox 255 3639 1318 3706; baseline -0.005 -16"><span class='ocrx_word' id='word_1_225' title='bbox 255 3643 310 3691; x_wconf 77' lang='lat' dir='ltr'><em>AEn.</em></span> <span class='ocrx_word' id='word_1_226' title='bbox 322 3644 345 3700; x_wconf 86' lang='lat'><em>1,</em></span> <span class='ocrx_word' id='word_1_227' title='bbox 356 3641 402 3700; x_wconf 77' lang='lat'><em>30,</em></span> <span class='ocrx_word' id='word_1_228' title='bbox 417 3657 480 3699; x_wconf 74' lang='lat'><em>²203</em></span> <span class='ocrx_word' id='word_1_229' title='bbox 493 3643 530 3701; x_wconf 90' lang='lat'><em>11,</em></span> <span class='ocrx_word' id='word_1_230' title='bbox 545 3659 568 3702; x_wconf 85' lang='lat'><em>7.</em></span> <span class='ocrx_word' id='word_1_231' title='bbox 578 3669 613 3679; x_wconf 90' lang='lat'><em>-</em></span> <span class='ocrx_word' id='word_1_232' title='bbox 622 3643 764 3692; x_wconf 77' lang='lat' dir='ltr'><em>Samothra·</em></span> <span class='ocrx_word' id='word_1_233' title='bbox 808 3642 896 3705; x_wconf 83' lang='lat' dir='ltr'><em>legitur</em></span> <span class='ocrx_word' id='word_1_234' title='bbox 908 3639 1088 3698; x_wconf 79' lang='lat' dir='ltr'><em>Samothraeoe;</em></span> <span class='ocrx_word' id='word_1_235' title='bbox 1102 3651 1174 3706; x_wconf 82' lang='lat' dir='ltr'><strong>quam</strong></span> <span class='ocrx_word' id='word_1_236' title='bbox 1188 3640 1318 3688; x_wconf 75' lang='lat' dir='ltr'><em>lectionem</em></span> 
     </span>
     <span class='ocr_line' id='line_1_31' title="bbox 255 3717 1319 3785; baseline -0.004 -17"><span class='ocrx_word' id='word_1_237' title='bbox 255 3719 702 3785; x_wconf 76' lang='lat' dir='ltr'><em>coe,aliiSamothraciae;etquidem</em></span> <span class='ocrx_word' id='word_1_238' title='bbox 711 3723 764 3770; x_wconf 82' lang='lat' dir='ltr'><em>haee</em></span> <span class='ocrx_word' id='word_1_239' title='bbox 808 3719 890 3767; x_wconf 83' lang='lat' dir='ltr'><em>multis</em></span> <span class='ocrx_word' id='word_1_240' title='bbox 914 3719 977 3768; x_wconf 80' lang='lat' dir='ltr'><em>Livii</em></span> <span class='ocrx_word' id='word_1_241' title='bbox 995 3719 1057 3768; x_wconf 83' lang='lat' dir='ltr'><em>locis</em></span> <span class='ocrx_word' id='word_1_242' title='bbox 1076 3732 1100 3768; x_wconf 85' lang='lat' dir='ltr'><em>et</em></span> <span class='ocrx_word' id='word_1_243' title='bbox 1122 3721 1199 3784; x_wconf 80' lang='lat' dir='ltr'><em>ipsam</em></span> <span class='ocrx_word' id='word_1_244' title='bbox 1228 3717 1319 3766; x_wconf 78' lang='lat' dir='ltr'><em>firmari</em></span> 
     </span>
     <span class='ocr_line' id='line_1_32' title="bbox 256 3797 1154 3866; baseline 0.001 -20"><span class='ocrx_word' id='word_1_245' title='bbox 256 3800 333 3847; x_wconf 81' lang='lat' dir='ltr'><em>iorma</em></span> <span class='ocrx_word' id='word_1_246' title='bbox 351 3800 414 3849; x_wconf 81' lang='lat' dir='ltr'><em>inira</em></span> <span class='ocrx_word' id='word_1_247' title='bbox 439 3801 546 3849; x_wconf 77' lang='lat' dir='ltr'><em>occurrit</em></span> <span class='ocrx_word' id='word_1_248' title='bbox 566 3816 620 3866; x_wconf 72' lang='lat' dir='ltr'><em>esp.</em></span> <span class='ocrx_word' id='word_1_249' title='bbox 646 3802 678 3851; x_wconf 82' lang='lat'><em>50</em></span> <span class='ocrx_word' id='word_1_250' title='bbox 698 3801 762 3850; x_wconf 83' lang='lat' dir='ltr'><em>med.</em></span> <span class='ocrx_word' id='word_1_251' title='bbox 807 3798 896 3864; x_wconf 76' lang='lat' dir='ltr'><em>probat</em></span> <span class='ocrx_word' id='word_1_252' title='bbox 909 3797 985 3847; x_wconf 77' lang='lat' dir='ltr'><em>Drak.</em></span> <span class='ocrx_word' id='word_1_253' title='bbox 998 3799 1029 3847; x_wconf 79' lang='lat' dir='ltr'><em>ad</em></span> <span class='ocrx_word' id='word_1_254' title='bbox 1042 3799 1067 3846; x_wconf 86' lang='lat' dir='ltr'><em>h.</em></span> <span class='ocrx_word' id='word_1_255' title='bbox 1077 3800 1094 3848; x_wconf 89' lang='grc'><em>1.</em></span> <span class='ocrx_word' id='word_1_256' title='bbox 1105 3801 1154 3848; x_wconf 74' lang='lat' dir='ltr'><em>En.</em></span> 
     </span>
     <span class='ocr_line' id='line_1_33' title="bbox 253 3877 1321 3946; baseline 0 -22"><span class='ocrx_word' id='word_1_257' title='bbox 253 3879 448 3928; x_wconf 74' lang='lat' dir='ltr'><em>Sarnoeltraciam</em></span> <span class='ocrx_word' id='word_1_258' title='bbox 459 3881 564 3930; x_wconf 80' lang='lat' dir='ltr'><em>aliamve</em></span> <span class='ocrx_word' id='word_1_259' title='bbox 575 3898 650 3946; x_wconf 81' lang='lat' dir='ltr'><em>qnam</em></span> <span class='ocrx_word' id='word_1_260' title='bbox 659 3882 764 3930; x_wconf 86' lang='lat' dir='ltr'><em>insulam</em></span> <span class='ocrx_word' id='word_1_261' title='bbox 845 3879 868 3926; x_wconf 89' lang='lat'><em>3.</em></span> <span class='ocrx_word' id='word_1_262' title='bbox 882 3878 970 3943; x_wconf 73' lang='lat' dir='ltr'><em>Legati</em></span> <span class='ocrx_word' id='word_1_263' title='bbox 983 3879 1096 3927; x_wconf 79' lang='lat' dir='ltr'><em>venirent</em></span> <span class='ocrx_word' id='word_1_264' title='bbox 1107 3877 1242 3942; x_wconf 83' lang='lat' dir='ltr'><em>speculari,</em></span> <span class='ocrx_word' id='word_1_265' title='bbox 1256 3877 1321 3923; x_wconf 77' lang='lat' dir='ltr'><em>forte</em></span> 
     </span>
     <span class='ocr_line' id='line_1_34' title="bbox 249 3954 1318 4023; baseline -0.004 -19"><span class='ocrx_word' id='word_1_266' title='bbox 249 3969 334 4023; x_wconf 81' lang='lat' dir='ltr'><em>petere</em></span> <span class='ocrx_word' id='word_1_267' title='bbox 345 3960 378 4006; x_wconf 83' lang='lat' dir='ltr'><em>ab</em></span> <span class='ocrx_word' id='word_1_268' title='bbox 388 3961 511 4010; x_wconf 82' lang='lat' dir='ltr'><em>Romanis.</em></span> <span class='ocrx_word' id='word_1_269' title='bbox 524 3963 564 4011; x_wconf 82' lang='lat' dir='ltr'><em>Sic</em></span> <span class='ocrx_word' id='word_1_270' title='bbox 573 3961 646 4010; x_wconf 78' lang='lat' dir='ltr'><em>etiam</em></span> <span class='ocrx_word' id='word_1_271' title='bbox 654 3963 733 4020; x_wconf 74' lang='lat' dir='ltr'><em>m,</em></span> <span class='ocrx_word' id='word_1_272' title='bbox 747 3978 761 4008; x_wconf 66' lang='grc' dir='ltr'>α</span> <span class='ocrx_word' id='word_1_273' title='bbox 809 3957 965 4022; x_wconf 80' lang='lat' dir='ltr'><em>speculaturi.</em></span> <span class='ocrx_word' id='word_1_274' title='bbox 976 3957 1020 4006; x_wconf 78' lang='lat' dir='ltr'><em>ma</em></span> <span class='ocrx_word' id='word_1_275' title='bbox 1035 3957 1111 4006; x_wconf 83' lang='lat' dir='ltr'><em>dictio</em></span> <span class='ocrx_word' id='word_1_276' title='bbox 1124 3955 1235 4020; x_wconf 82' lang='lat' dir='ltr'><em>frequens</em></span> <span class='ocrx_word' id='word_1_277' title='bbox 1244 3989 1251 4012; x_wconf 88' lang='lat'><strong><em>,</em></strong></span> <span class='ocrx_word' id='word_1_278' title='bbox 1260 3954 1318 4010; x_wconf 79' lang='lat' dir='ltr'><em>sed,</em></span> 
     </span>
     <span class='ocr_line' id='line_1_35' title="bbox 255 4036 1317 4104; baseline -0.001 -20"><span class='ocrx_word' id='word_1_279' title='bbox 255 4037 320 4086; x_wconf 86' lang='lat' dir='ltr'><em>med.</em></span> <span class='ocrx_word' id='word_1_280' title='bbox 340 4038 478 4086; x_wconf 75' lang='lat' dir='ltr'><em>existimari</em></span> <span class='ocrx_word' id='word_1_281' title='bbox 494 4040 689 4088; x_wconf 75' lang='lat' dir='ltr'><em>Samothraciam</em></span> <span class='ocrx_word' id='word_1_282' title='bbox 701 4040 765 4104; x_wconf 84' lang='lat' dir='ltr'><em>peti·</em></span> <span class='ocrx_word' id='word_1_283' title='bbox 809 4041 835 4086; x_wconf 80' lang='lat' dir='ltr'><em>ni</em></span> <span class='ocrx_word' id='word_1_284' title='bbox 854 4038 936 4096; x_wconf 82' lang='lat' dir='ltr'><em>fallor,</em></span> <span class='ocrx_word' id='word_1_285' title='bbox 952 4039 1031 4102; x_wconf 82' lang='lat' dir='ltr'><em>poetis</em></span> <span class='ocrx_word' id='word_1_286' title='bbox 1048 4047 1158 4092; x_wconf 77' lang='lat' dir='ltr'><em>tantum,</em></span> <span class='ocrx_word' id='word_1_287' title='bbox 1175 4036 1258 4082; x_wconf 80' lang='lat' dir='ltr'><em>Graeea</em></span> <span class='ocrx_word' id='word_1_288' title='bbox 1275 4047 1317 4083; x_wconf 72' lang='lat' dir='ltr'><em>ex-</em></span> 
     </span>
     <span class='ocr_line' id='line_1_36' title="bbox 256 4117 975 4188; baseline 0.001 -23"><span class='ocrx_word' id='word_1_289' title='bbox 256 4129 343 4166; x_wconf 69' lang='lat' dir='ltr'><em>sarran.</em></span> <span class='ocrx_word' id='word_1_290' title='bbox 358 4117 390 4166; x_wconf 77' lang='lat' dir='ltr'><em>At</em></span> <span class='ocrx_word' id='word_1_291' title='bbox 405 4117 431 4166; x_wconf 85' lang='lat' dir='ltr'><em>in</em></span> <span class='ocrx_word' id='word_1_292' title='bbox 444 4119 557 4167; x_wconf 82' lang='lat' dir='ltr'><em>omnibus</em></span> <span class='ocrx_word' id='word_1_293' title='bbox 572 4120 694 4170; x_wconf 70' lang='lat' dir='ltr'><em>veteribus</em></span> <span class='ocrx_word' id='word_1_294' title='bbox 707 4117 765 4170; x_wconf 35' lang='lat' dir='ltr'><em>edd«</em></span> <span class='ocrx_word' id='word_1_295' title='bbox 808 4117 975 4188; x_wconf 73' lang='lat' dir='ltr'><em>primatibus.</em></span> 
     </span>
    </p>
   </div>
   <div class='ocr_carea' id='block_1_3' title="bbox 0 0 1491 4720">
    <p class='ocr_par' dir='ltr' id='par_1_3' title="bbox 0 0 1491 4720">
     <span class='ocr_line' id='line_1_37' title="bbox 0 0 1491 4720; baseline 0 0"><span class='ocrx_word' id='word_1_296' title='bbox 0 0 1491 4720; x_wconf 95' lang='lat' dir='ltr'><em> </em></span> 
     </span>
    </p>
   </div>
  </div>
 </body>
</html>
