2984 4706
265 350 336 431 ²40
492 387 498 394 ·
689 349 728 414 T·
762 349 899 415 LIVU
1185 327 1251 432 lli?
1262 329 1311 434 iii

266 489 374 570 atque
391 474 532 568 integro
545 471 641 542 hosti
656 496 730 541 non
749 471 917 566 objicere.
939 473 1008 543 Sed
1029 487 1152 544 tantus
1174 471 1283 542 ardor
1299 473 1338 540 in
1389 521 1392 524 -

267 585 394 655 animis
411 581 455 652 ad
478 582 722 652 dimicandum
741 584 925 679 utrimque
940 599 1030 671 erat,
1049 599 1089 654 ut
1105 583 1246 653 consuli
1260 607 1338 652 non

176 778 182 798 Ι
265 695 406 763 minore
419 707 494 762 arte
508 692 552 762 ad
567 716 651 764 suos
665 692 865 764 eludendos
876 729 889 780 ‚v
901 717 1014 790 ‚quam
1029 694 1075 764 ad
1089 695 1227 779 hostes,
1243 716 1339 790 opus

267 822 369 877 esset.
396 802 563 875 Nondum
584 804 754 874 omnibus
776 806 978 891 instructis,
1002 804 1157 876 instabat
1179 803 1339 874 tribunis

266 915 421 985 militum
434 969 443 1000 ,
458 928 499 984 ut
513 928 733 984 maturarent
750 917 947 985 instruere:
964 915 1175 986 circumibat
1188 917 1267 1012 ipse
1282 939 1339 984 or-

266 1025 390 1113 dinet,
413 1027 551 1095 animos
575 1023 731 1094 militum
756 1023 937 1096 hortando
961 1026 998 1094 in
1025 1049 1182 1125 pugnam
1212 1049 1339 1095 accen-

266 1136 385 1208 debat.
410 1135 467 1222 lbi
487 1138 606 1234 primo
626 1135 758 1206 alacres
777 1136 920 1232 signum
939 1135 1147 1233 poscebant.
1173 1133 1336 1220 Deinde,

266 1261 442 1345 quantum
462 1248 677 1318 incresceret
697 1259 825 1332 aestus,
847 1261 883 1317 et
900 1247 1020 1318 vultus
1038 1248 1157 1317 minus
1173 1247 1338 1342 vigentes

263 1375 302 1430 et
318 1383 425 1432 voces
445 1358 627 1454 segniores
645 1370 767 1441 erant,
782 1355 983 1452 etquidem
997 1353 1247 1427 incumbentes
1260 1379 1338 1424 scu·

266 1473 312 1544 tis
328 1469 470 1564 nisique
491 1466 573 1564 pilis
588 1464 740 1540 stabant.
765 1469 857 1539 Tum
871 1466 944 1560 jam
960 1479 1083 1563 aperte
1100 1465 1227 1562 primis
1243 1459 1336 1532 ordi-

266 1579 373 1654 nibus
397 1580 588 1674 imperat²‚
615 1591 836 1646 metarentur
863 1575 1021 1648 frontem
1049 1589 1273 1658 castrorum,
1301 1584 1338 1642 et

266 1689 525 1788 impedimenta
541 1690 813 1759 constituerent.
825 1687 935 1778 Quod
949 1687 1014 1758 ubi
1024 1685 1103 1758 fieri
1116 1685 1248 1756 milites
1262 1709 1338 1758 sen·

265 1827 362 1882 sere,
375 1791 443 1870 valii
462 1798 617 1896 gaudere
633 1798 772 1896 palam,
794 1797 895 1895 quod
913 1795 1026 1868 sessos
1043 1798 1108 1865 viae
1128 1795 1255 1866 labore
1274 1792 1337 1862 lla·

267 1911 494 2008 grantissimo
509 1923 598 1980 aestu
622 1933 697 1978 non
716 1909 891 2003 coegisset
911 1931 1099 2005 pugnare:
1120 1905 1227 2004 legati
1245 1905 1336 1975 circa

265 2023 521 2117 imperatorem
545 2018 727 2114 ducesque
751 2020 890 2088 externi
915 2033 1035 2105 erant,
1064 2019 1159 2086 inter
1184 2039 1278 2112 quos
1301 2029 1336 2085 et
1394 2009 1398 2016 “

231 2115 232 2120 ¹
266 2130 421 2216 AttaluS‚
443 2154 568 2199 omnes
582 2129 841 2226 approbantes,
861 2149 975 2225 quum
990 2143 1236 2226 pugnaturum
1255 2151 1335 2197 con-

267 2240 381 2312 sulem
408 2239 627 2310 credebant:
656 2264 776 2336 neque
798 2239 895 2310 enim
918 2263 964 2308 ne
987 2237 1043 2308 his
1070 2239 1333 2308 cunctationem

267 2365 456 2450 aperuerat
466 2347 481 2392 '³
493 2374 604 2420 suam.
620 2354 722 2420 Tunc
735 2349 933 2428 mutatione
946 2348 1084 2419 consilii
1094 2346 1212 2418 subita
1221 2369 1334 2442 quum

268 2461 326 2531 alii
349 2461 511 2545 silerent,
535 2461 662 2530 Nasica
682 2485 777 2530 unus
799 2485 844 2531 ex
867 2458 1037 2529 omnibus
1059 2483 1166 2530 ausus
1187 2471 1241 2528 est
1260 2482 1334 2526 mo-

268 2597 353 2642 nere
371 2571 575 2658 consulem,
596 2576 653 2647 Ne
671 2570 808 2642 hostem
823 2570 971 2668 quidem
986 2569 1189 2666 ludr'ficams
1197 2574 1334 2666 priores

268 2683 524 2782 imperatoresl
547 2682 731 2779 fugiendo
762 2698 942 2754 certamen
971 2680 1140 2751 nzenr‘bus
1169 2686 1332 2750 emittere.

273 2800 414 2880 Vereri,
443 2818 488 2863 rte
515 2809 618 2864 nocte
644 2793 771 2879 abeat,
798 2793 1003 2890 sequendus
1028 2797 1192 2864 marimo
1215 2789 1335 2858 labore

269 3015 294 3050 et
310 3001 389 3050 sitim:
404 3000 470 3048 unde
484 3002 563 3048 Gron.
579 2986 676 3046 emend.
694 3011 785 3047 utram·
830 3014 855 3045 n.
868 3014 892 3058 7,
901 3009 926 3046 et
936 3000 1063 3056 xxxttt,
1073 3005 1114 3059 49,
1124 3013 1150 3044 n.
1165 3012 1187 3043 1.
1197 2995 1230 3046 Τὸ
1242 2994 1334 3059 quidem

269 3099 332 3145 que,
349 3091 391 3128 aut
404 3079 528 3126 subintell.
543 3078 643 3125 malum.
661 3077 709 3124 Sed
725 3095 785 3129 neu·
829 3076 868 3124 vel
882 3077 1016 3138 excidisse,
1030 3076 1069 3124 vel
1083 3093 1113 3123 ex
1126 3075 1246 3138 proximis
1259 3072 1334 3120 verbis

271 3172 335 3207 trum
354 3173 532 3220 nonnunquam
547 3157 644 3204 duobus
662 3157 785 3204 femininis
829 3171 860 3201 ne
877 3153 968 3202 hostem
983 3156 1095 3218 quidem,
1114 3155 1157 3202 ubi
1176 3155 1256 3202 alieno
1271 3148 1333 3216 posi·

270 3239 399 3302 subjungi,
418 3237 509 3284 docent
524 3235 597 3283 urat.
619 3237 675 3283 coll.
692 3237 781 3292 XXX,
827 3247 879 3282 tum
895 3228 928 3283 sit
941 3235 998 3282 loco
1009 3235 1077 3289 ,buc
1093 3234 1258 3282 revocandum
1270 3248 1333 3290 esse,

271 3321 318 3375 3ο,
333 3327 357 3364 et
368 3316 401 3364 ad
411 3318 449 3374 ΙΙ,
465 3315 480 3360 5
486 3333 495 3371 5
509 3331 534 3362 n.
551 3323 580 3373 t,
595 3317 718 3378 xxxtv,
734 3315 782 3381 tt,
826 3315 947 3380 putabant
958 3316 1055 3364 Crever.
1067 3327 1091 3364 et
1101 3315 1175 3362 nrat.
1193 3315 1238 3376 Vel
1248 3329 1293 3378 pro
1306 3329 1333 3359 ne

272 3414 297 3444 n.
309 3397 339 3456 t,
350 3407 375 3442 et
384 3397 467 3444 Burm.
480 3393 511 3440 ad
523 3395 589 3441 Suet.
600 3393 686 3443 Claud.
699 3396 730 3441 38
742 3411 781 3458 pr.
827 3395 893 3454 conj.
906 3394 985 3442 Roell.
1000 3422 1035 3430 -
1045 3395 1139 3442 Nasica
1153 3411 1228 3450 unus,
1242 3405 1287 3441 etc.
1300 3393 1333 3438 in·

307 3493 331 3523 a.
348 3474 436 3521 Primis
450 3471 575 3520 ordinibus
594 3473 714 3537 imperat:
728 3472 783 3520 vide
826 3473 898 3520 flatus
906 3489 931 3520 re
942 3473 1045 3520 feliciter
1053 3473 1169 3522 adversus
1178 3475 1268 3520 Persen
1275 3482 1333 3536 gesta

272 3558 304 3606 ad
321 3556 409 3611 XXX,
421 3561 451 3613 4,
467 3569 492 3600 n.
511 3568 533 3600 1.
543 3553 663 3612 .-.Quod
676 3553 785 3620 ubifieri
828 3553 861 3606 ad
870 3553 1020 3616 Olympum
1033 3554 1064 3608 nt.
1074 3553 1140 3606 Plut.
1152 3553 1232 3604 AEmtl.
1243 3569 1269 3616 p.
1279 3552 1332 3602 att.

272 3636 356 3685 milites
366 3649 471 3688 sensere,
481 3632 527 3680 alii
534 3631 646 3695 gaudere
650 3634 777 3696 palem...
828 3653 832 3659 ¹
865 3639 889 3686 4.
909 3633 947 3680 Ne
968 3631 1059 3678 hostem
1083 3632 1181 3696 quidem
1203 3630 1333 3697 ludificatus

268 3713 358 3779 ¹Legati
380 3711 447 3759 eirca
471 3711 641 3772 imperatorem
663 3711 783 3773 dtreesque
824 3711 920 3774 priores
935 3709 1092 3774 imperatores
1099 3722 1166 3768 ,etc.
1177 3711 1239 3757 sorte
1250 3710 1295 3772 leg.
1307 3725 1333 3754 rte

222 3793 227 3801 “
271 3792 369 3841 externi
387 3801 470 3849 erant,
487 3801 534 3837 etc.
553 3790 639 3838 Oratio
658 3790 782 3837 manifeste
828 3789 919 3837 bostem
931 3789 1027 3854 pridem
1042 3789 1194 3857 ludificatum
1211 3789 1304 3852 priores
1318 3787 1331 3835 i.

274 3873 430 3952 &vendicatae
442 3907 450 3930 ‚
463 3881 490 3916 ut
499 3870 617 3918 observat
629 3871 711 3918 Buttn.
722 3870 781 3918 Obs.
831 3869 854 3934 f.
871 3887 893 3918 e.
909 3869 1020 3918 trieribus
1033 3869 1162 3925 emitteret,
1177 3869 1203 3916 ni
1220 3867 1288 3914 malis
1297 3866 1333 3930 qui

273 3969 329 4017 pag.
348 3945 404 3998 1¹08.
416 3951 461 3996 Eu.
769 3935 774 3973 Γ
798 3955 801 3963 “
827 3947 1117 4016 sitludificat1155Gron.
1134 3949 1206 3999 conf.
1220 3965 1244 3996 n.
1264 3950 1288 3995 3.
1300 3949 1331 3994 Ne

265 4029 269 4034 ’
309 4033 332 4076 3.
344 4031 428 4092 Neque
439 4028 502 4073 enim
515 4043 545 4072 ne
562 4027 598 4074 lu's
613 4028 711 4090 quidem
724 4044 782 4074 curr-
826 4027 929 4085 hostem,
946 4029 991 4092 qui
1005 4029 1102 4094 quidem
1114 4027 1146 4075 sit
1157 4027 1326 4094 ludificatus...

273 4110 403 4158 stationem
417 4118 564 4171 aperuerat;
578 4107 633 4152 vide
647 4107 677 4152 ad
691 4109 729 4167 11,
740 4105 783 4164 tt,
813 4107 945 4154 'emitteret
953 4108 1018 4168 conj.
1029 4109 1083 4154 Jac.
1093 4107 1169 4155 Perit.
1180 4135 1213 4142 -
1226 4109 1328 4154 Buttner.
