2984 4706
252 339 320 424 νει
668 345 708 410 t.
741 345 879 412 nvn
1167 323 1294 432 etti:

248 471 300 536 Ex
321 464 517 534 victoribus
537 465 744 536 ceciderunt
765 490 840 534 non
857 465 937 563 plus
953 479 1116 551 centum,
1136 479 1319 536 eteorum

251 575 367 646 multo
387 575 502 668 major
519 597 602 672 pars
618 576 764 672 Peligni.
787 575 972 647 Vulnerati
991 575 1175 671 aliquanto
1195 577 1321 672 plures

251 701 348 756 sunt.
369 679 478 774 Quod
502 687 531 754 si
556 687 730 755 maturius
753 687 931 782 pugnaril
956 699 1115 780 coeptum
1141 700 1254 770 esset,
1279 701 1321 754 ut

161 881 163 889 .
251 797 334 866 satis
349 794 420 864 diei
437 794 632 866 victoribus
649 794 694 864 ad
713 793 1005 892 persequendum
1019 809 1240 890 superesset,
1258 794 1321 864 de·

218 957 225 970 .
253 905 330 974 letae
345 927 471 1000 omnes
490 905 601 1001 copiae
620 901 763 976 forent:
785 927 884 974 nnnc
901 903 1093 974 imminens
1113 929 1186 974 nox
1208 919 1244 976 et
1263 903 1320 974 fu·

252 1014 389 1107 gientes
407 1014 515 1099 texit,
534 1028 570 1083 et
587 1013 757 1084 Romanis
775 1015 951 1109 pigritiem
968 1013 1013 1083 ad
1029 1013 1257 1108 sequendum
1271 1015 1321 1084 lo

253 1123 445 1220 cis'ignotis
461 1110 554 1192 lecit.
681 1117 683 1120 ’

301 1237 423 1303 XLIII.
444 1236 592 1302 Perseus
608 1232 651 1300 ad
666 1233 816 1302 Pieriam
835 1215 957 1301 silvtim
974 1235 1027 1302 via
1045 1233 1186 1303 militari
1200 1245 1223 1312 ¹,
1246 1233 1316 1304 fre·

251 1345 378 1441 quenti
401 1343 542 1438 agmine
564 1343 727 1436 equitum
751 1355 786 1411 et
806 1343 905 1437 regio
928 1343 1121 1428 comitatu,
1138 1340 1240 1436 fugit.
1264 1343 1318 1412 si-

251 1452 327 1524 mul
345 1454 382 1521 in
399 1451 522 1521 silvam
539 1465 687 1520 ventum
703 1464 776 1536 est,
793 1448 857 1519 ubi
871 1449 992 1547 plures
1012 1450 1157 1521 diversae
1184 1453 1319 1521 semitae

234 1636 238 1645 ,
254 1577 375 1647 erant,
389 1577 425 1632 et
438 1585 511 1630 nox
524 1559 851 1658 appropinquabat,
864 1585 948 1630 cum
961 1563 1149 1658 perpaucis
1162 1565 1318 1632 maxime

253 1674 334 1744 fidis
347 1675 403 1742 via
418 1671 570 1741 devertit
581 1682 607 1739 ².
630 1672 795 1770 Equites,
817 1671 892 1741 sine
910 1671 1005 1754 duce
1021 1663 1153 1752 relicti,
1173 1672 1232 1741 alii
1250 1673 1319 1742 alia

251 1788 288 1854 in
308 1785 466 1854 civitates
482 1806 562 1852 suas
575 1781 702 1879 dilapsi
717 1795 818 1852 sunt:
834 1782 1006 1878 perpauci
1022 1779 1106 1850 inde
1119 1781 1251 1851 Pellam
1262 1807 1319 1852 ce-

254 1895 382 1975 lerius,
405 1916 512 1988 quam
541 1893 617 1989 ipse
644 1893 1045 1988 Perseus,qi1iarecta
1073 1890 1236 1987 expedita
1263 1895 1318 1962 via

253 2019 373 2088 erant,
404 2015 657 2099 pervenerunt.
681 2006 756 2071 Rex
780 2001 823 2072 ad
849 2000 1002 2071 mediam
1030 1999 1142 2070 ferme
1172 2017 1317 2072 noctem

252 2130 391 2185 terrore
410 2124 446 2180 et
463 2111 568 2180 variis
587 2108 858 2181 difficultatibus
877 2111 940 2180 viae
959 2124 1107 2180 vexatus
1126 2125 1189 2181 est.
1205 2115 1245 2180 In
1261 2137 1316 2182 re·

255 2224 311 2319 gia
324 2224 454 2290 Perseo
467 2273 476 2304 ,
491 2221 554 2314 qui
569 2219 670 2289 Pellae
684 2236 851 2316 praeerat,
866 2215 1023 2290 Euctus³
1039 2222 1200 2317 regiique
1214 2224 1318 2318 pueri

256 2344 386 2429 praesto
406 2345 518 2401 erant.
538 2334 678 2400 Contra*
693 2355 733 2400 ea
752 2333 967 2414 amicorum,
982 2331 1062 2426 qui,
1079 2331 1136 2399 alii
1152 2331 1222 2402 alio
1236 2356 1317 2401 casu

257 2441 404 2524 servati,
429 2464 473 2509 ex
498 2440 620 2536 praelio
645 2439 778 2510 Pellam
803 2451 994 2528 uenerant,
1016 2466 1129 2537 quum
1150 2466 1243 2539 saepe
1263 2465 1316 2511 ar-

220 2616 222 2619 .
257 2551 372 2628 cessiti
391 2562 527 2635 essent,
547 2548 718 2620 nemo'ad
738 2574 820 2620 eum
840 2552 947 2620 venit.
964 2555 1049 2620 Tres
1065 2565 1166 2620 erant
1180 2566 1317 2622 tantum

293 2738 316 2784 4.
329 2727 402 2790 Quod
418 2727 440 2774 si
452 2727 571 2774 maturius
584 2726 705 2792 pugnari,
718 2739 764 2776 etc.
809 2728 841 2775 ad
852 2732 881 2787 1,
895 2729 937 2787 51,
948 2746 974 2776 n.
989 2746 1020 2786 ο,
1034 2729 1076 2776 ubi
1088 2731 1162 2778 Drak.
1176 2747 1227 2778 uon
1240 2731 1318 2790 inju-

258 2810 323 2856 eonf.
334 2807 365 2854 ad
375 2823 427 2871 cap.
441 2813 486 2864 Io,
497 2823 521 2854 n.
535 2808 558 2854 3.
811 2804 940 2856 dicaverat.
956 2836 988 2844 -
1000 2808 1054 2855 Alii
1065 2808 1118 2856 alio
1131 2809 1177 2856 vin.
1196 2836 1230 2846 ·-
1245 2811 1317 2855 Recta

293 2889 354 2936 Cur.
366 2888 458 2934 XLIII.
472 2901 494 2931 1.
504 2885 547 2932 Ad
563 2884 667 2932 Pieriam
683 2885 766 2933 silvam
811 2886 927 2949 expedita
935 2887 994 2942 triu,
1004 2887 1066 2934 sorte
1076 2887 1194 2951 expediti,
1206 2887 1244 2935 vel
1252 2899 1317 2934 reeta

257 2967 302 3015 aria
316 2957 433 3021 rriilitari‚·
443 2963 494 3011 vid.
515 2965 632 3021 XXXII,
648 2965 688 3023 15,
699 2981 723 3011 n.
735 2981 764 3021 2,
810 2977 836 3032 et
845 2981 903 3028 exp.
914 2963 972 3022 viu,
985 2982 1037 3014 nou
1046 2966 1173 3014 arboribus
1184 2979 1208 3015 et
1222 2967 1315 3014 frutice·

256 3059 281 3094 et
294 3047 422 3100 XXXVI,
439 3044 484 3100 15,
496 3059 521 3090 n.
535 3052 559 3099 4.
570 3069 604 3078 -
614 3043 691 3091 Simul
695 3061 706 3100 ;
715 3044 765 3090 vid.
810 3045 841 3090 tis
853 3043 982 3107 impedita3
993 3047 1104 3093 Gronov.
1115 3045 1187 3092 Conl.
1198 3055 1276 3092 tamen
1287 3045 1317 3092 ed

258 3126 448 3182 111‚62,n.t.
809 3123 905 3182 XLIII,
926 3139 946 3176 t,
963 3139 988 3170 n.
1007 3125 1032 3171 6.
1055 3151 1089 3159 —
1112 3125 1183 3172 Melit
1202 3124 1316 3187 Doering.

293 3221 317 3250 2.
330 3201 375 3250 Via
389 3201 499 3257 devertit,
515 3200 556 3247 alii
573 3201 680 3257 divertit,
695 3203 765 3265 prob.
811 3211 877 3248 reeta
890 3217 967 3264 euque
980 3202 1095 3265 expedita
1108 3203 1163 3250 via.
1174 3205 1220 3250 Eo.

259 3283 334 3330 Drak.
349 3281 417 3341 cujus
434 3291 493 3328 notu
507 3291 557 3327 est:
570 3301 581 3321 u
591 3279 709 3336 Devenit,
725 3282 767 3343 qui
848 3280 872 3326 3.
884 3280 932 3340 Qui
940 3281 1015 3327 Pelloe
1022 3292 1146 3343 prteerac,
1158 3284 1262 3338 Euctus,
1272 3293 1316 3330 etc.

261 3363 291 3408 de
312 3363 351 3408 via
370 3358 505 3424 deflectens
531 3358 665 3421 hospitium
690 3359 765 3417 subit3
811 3358 894 3416 νονιτός
916 3359 1011 3409 Πέλλαν
1028 3359 1152 3424 εἰσελθὼν,
1170 3355 1260 3412 Εὖκτον
1278 3363 1316 3412 καὶ

259 3440 325 3488 unde
338 3436 497 3486 deversorium
511 3435 714 3485 etdevertieulum
722 3454 768 3502 pro
812 3431 932 3498 Eildetou,
953 3437 1008 3496 τοῦς
1027 3437 1067 3490 ἐπὶ
1089 3443 1131 3490 τοῦ
1152 3439 1314 3510 νομίσματος,

259 3519 377 3584 hospitio.
390 3519 423 3563 At
435 3515 541 3571 divertit,
559 3514 602 3576 qni
617 3531 631 3562 a
646 3516 684 3563 vio
703 3517 769 3580 regia
814 3515 1007 3576 ἀπαντήσαντας
1026 3519 1107 3586 αὐτῷ,
1122 3518 1163 3570 καὶ
1178 3517 1211 3570 τὰ
1225 3518 1268 3590 μὲν
1283 3521 1317 3587 ἰγ-

261 3597 386 3646 discedens
395 3593 502 3641 semitam
512 3593 569 3640 Inde
578 3593 604 3639 in
614 3593 768 3647 diversaten-
813 3599 945 3655 καλοῦντας
957 3596 1013 3666 περὶ
1026 3602 1074 3647 τῶν
1085 3599 1218 3666 γεγονότων
1227 3634 1235 3657 .,
1248 3597 1281 3649 τὰ
1290 3593 1317 3648 dl

261 3679 358 3726 dentem
372 3671 477 3728 Incedit;
496 3673 590 3718 ethInc
604 3672 768 3720 diverticulum
812 3675 1051 3743 παῤῥησιαζομένους
1070 3676 1174 3746 ἀκαίρως
1199 3677 1241 3729 καὶ
1262 3697 1319 3747 oup-

262 3767 297 3804 est
312 3758 395 3810 locus,
410 3752 453 3799 ubi
473 3750 527 3797 ἂνω
542 3751 586 3799 viee
599 3769 613 3798 u
627 3753 768 3800 seinvicem
814 3750 970 3812 teutilone<
982 3752 1114 3824 ,ὀργισθεὶς
1127 3757 1268 3809 ἀπέκτεινεν
1280 3759 1318 3808 αῦ-

263 3834 387 3882 reoedunt.
401 3830 479 3878 ¹Hinc
501 3831 654 3887 XXXVIII,
680 3832 724 3890 15,
744 3843 769 3879 et
813 3833 853 3893 τὸς
868 3839 904 3902 τῷ
917 3828 1011 3902 ξιφιδίῳ
1023 3835 1102 3886 παίων
1115 3835 1271 3905 ἀμφοτέρους·
1283 3837 1317 3886 οῦ-

263 3915 390 3968 XXXIX,
413 3911 443 3957 53
463 3927 501 3973 pr.
518 3908 580 3972 lego-
592 3909 722 3966 divertere,
743 3923 769 3959 ut
813 3907 864 3972 deit
888 3913 1031 3982 παρέμεινεν
1055 3915 1121 3982 αὐτῷ
1143 3915 1221 3993 παρὲξ
1248 3915 1318 3967 Εὐάν-

263 3990 425 4036 diverticulum
436 3987 502 4052 apud
523 3988 589 4034 Suet.
601 3990 658 4036 Ner.
677 3992 725 4046 48,
745 4002 769 4038 et
813 3986 870 4060 dpou
892 4010 919 4044 τε
935 3995 977 4042 τοῦ
998 3993 1093 4061 Κρητὸς
1114 3993 1155 4044 καὶ
1173 3989 1316 4064 Αρχςδάμςυ

264 4071 361 4116 Terent.
372 4070 435 4114 Eun·
449 4069 493 4122 IV»
505 4083 538 4123 ²²
555 4081 600 4123 7»,
613 4068 768 4132 C0nsv³upr³
813 4075 855 4121 τοῦ
874 4071 982 4124 Αἰτωλοῦ
1004 4071 1045 4122 καὶ
1068 4077 1108 4125 τοῦ
1125 4073 1232 4124 Βοιωτοῦ
1251 4075 1317 4126 utu·
