2972 4720
454 158 461 188 l

225 357 350 458 tgttz:
379 376 390 398 ’
461 373 610 440 tisun
639 372 757 440 xtn.
786 373 889 440 car.
919 373 1052 464 xlv„
1219 399 1265 469 ηρ

198 497 287 594 pali,
312 496 375 592 qui
394 495 561 593 princeps
578 494 762 591 legationis
781 509 864 564 erat.
887 497 938 582 ls,
958 492 1051 564 velle
1069 495 1216 590 quidem
1232 512 1268 565 et

197 604 384 691 laborare,
406 605 511 693 dixit,
535 628 673 698 regem,
701 619 742 672 ut
751 610 944 701 purganti,
968 628 1007 673 se
1026 604 1121 674 m'lu'l
1139 605 1267 676 hostile
1310 617 1317 634 ’

197 715 332 786 dtar'me
346 730 411 786 aut
414 716 566 804 fecisse,
571 713 673 809 fides
687 712 887 783 habeatur:
903 730 1091 801 caeterum,
1110 721 1266 812 sipervi·

200 832 320 896 tacius
338 849 488 895 causam
506 823 589 894 belli
603 828 721 919 quaeri
738 823 986 916 videat,sorti
997 830 1120 893 animo
1140 824 1265 914 deffen-

144 989 150 998 .
197 961 323 1006 surum
335 959 383 1005 se.
398 939 555 1004 Martem
570 958 796 1003 communem
811 943 918 1020 esse2,
934 950 970 1002 et
980 950 1142 1004 eventum
1161 940 1267 1005 incer-

198 1062 274 1115 tum
298 1044 392 1114 belli.
426 1042 604 1115 Omnibus
634 1042 836 1114 civitatibus
862 1044 1006 1114 Graeciae
1040 1059 1148 1140 atque
1177 1047 1266 1115 Asiae

198 1179 291 1225 curae
318 1169 416 1240 erat,
442 1152 531 1250 quid
555 1154 673 1224 Persei
696 1152 823 1250 legati,
843 1151 933 1248 quid
957 1156 1135 1222 Eumenes
1154 1156 1191 1222 in
1213 1179 1266 1224 se-

198 1281 285 1336 natu
303 1265 448 1362 egissem
471 1280 507 1334 et
524 1278 674 1361 propter
692 1262 887 1334 adventum
907 1263 1000 1357 ejus,
1020 1287 1130 1358 quem
1144 1280 1266 1334 motu-

197 1397 279 1443 rum
307 1372 443 1470 aliquid
472 1371 663 1459 rebantur,
686 1374 855 1443 miserant
881 1372 1058 1469 pleraeque
1086 1374 1265 1460 civitates,

186 1483 264 1553 alia
284 1486 321 1552 in
344 1485 498 1581 speciem
518 1480 763 1580 praeferentes,
783 1482 926 1578 legatos.
950 1487 995 1553 Et
1016 1481 1145 1579 legatio
1165 1483 1265 1555 Rbo-

196 1588 362 1662 diorum³
384 1607 470 1679 erat,
485 1616 525 1662 ac
540 1595 685 1688 Satyrus
701 1593 885 1689 princeps,
899 1590 996 1661 haud
1015 1591 1164 1679 dubius,
1175 1595 1264 1688 quin
1358 1591 1360 1594 ’

169 1722 173 1726 ·
197 1708 375 1772 Eumenes
400 1703 576 1772 civitatem
606 1726 754 1798 quoque
783 1725 881 1772 suam
909 1702 1028 1772 Persei
1055 1701 1264 1772 criminibus

195 1812 380 1905 junxisset.
403 1815 527 1908 Itaque
545 1813 646 1881 omni
665 1809 775 1882 modo
790 1835 855 1908 per
874 1812 1072 1907 patronos‘*
1092 1810 1265 1908 hospites·
1311 1857 1321 1878 s

198 1946 270 2017 que
289 1919 509 2018 disceptandi
525 1946 608 1992 cum
626 1946 708 2017 rege
725 1923 844 1992 locum
867 1921 904 1989 in
926 1936 1052 1992 senatu
1069 1921 1261 2017 quaerebat.

197 2030 306 2120 Quod
328 2053 442 2126 quum
467 2033 691 2128 contigisset,
714 2031 877 2102 libertate
895 2032 1192 2129 intemperantius
1211 2033 1264 2101 in-

197 2155 321 2211 vectus
351 2141 388 2209 in
414 2165 557 2238 regem,
582 2141 683 2239 quod
709 2143 899 2238 Lyciorum
926 2157 1068 2238 gentem
1095 2140 1263 2213 adversus

196 2249 358 2322 Rhodios
387 2253 621 2339 concitasset,
646 2255 860 2350 graviorque
890 2254 979 2322 Asiae
1009 2267 1123 2340 esset,
1153 2278 1262 2349 quam

197 2361 394 2433 Antiochus
413 2360 556 2449 luisset;
576 2363 788 2460 popularem
807 2361 953 2458 quidem
970 2386 1011 2432 ac
1026 2359 1183 2458 gratam⁵
1200 2387 1262 2460 po-

197 2472 290 2568 pulis
307 2474 398 2544 Asiae
417 2473 525 2568 (nam
541 2499 585 2544 eo
605 2498 753 2570 quoque
764 2475 836 2567 jam
853 2472 954 2543 lavor
966 2473 1084 2542 Persei
1097 2475 1263 2569 venerat)

196 2582 395 2653 orationem
409 2581 554 2669 habuit,
568 2598 733 2654 caeterum
748 2585 896 2654 invisam
908 2583 1067 2668 senatui,
1080 2582 1263 2652 inutilem-

196 2715 267 2786 que
287 2691 355 2762 sibi
373 2708 409 2763 et
427 2695 557 2764 civitati
577 2718 658 2763 suae.
679 2696 831 2764 Eumeni
853 2718 939 2764 vero
959 2695 1176 2791 conspiratio
1200 2693 1263 2764 ad·
1364 2679 1368 2686 ¹

194 2825 318 2872 versus
335 2826 439 2886 eum,
456 2800 614 2872 favorem
630 2803 726 2900 apud
740 2809 920 2880 Romanos
936 2797 1054 2872 fecitss.
1071 2806 1123 2871 Ita
1137 2826 1263 2872 omnes

232 3021 257 3052 a.
280 3007 387 3051 Martem
408 3020 557 3052 communem
576 3020 641 3061 esse,
659 3016 705 3054 eto.
750 2985 951 3073 Ᾰγανακτοῢντες
962 3003 1100 3066 (Harpalus
1109 3013 1134 3050 et
1144 3003 1262 3066 Satyrus)

172 3123 175 3128 .
195 3081 252 3131 virle
263 3083 295 3130 ad
303 3084 336 3142 V,
351 3098 380 3129 ra
391 3116 398 3140 ,
410 3099 436 3129 n.
450 3099 471 3128 1.
751 3083 793 3134 ael
802 3082 928 3152 παῤῥησίᾳ
939 3079 1057 3150 χρώμενοι
1068 3081 1146 3144 ettae,
1155 3083 1263 3145 Appian.

232 3165 255 3211 3.
265 3164 299 3209 Et
310 3161 400 3227 legatio
414 3160 576 3217 Rhodiorum,
590 3171 636 3208 etc.
651 3171 707 3208 aute
750 3163 768 3210 l.
779 3164 797 3210 l.
807 3164 850 3225 qui
859 3173 940 3209 tamen
950 3161 1038 3224 Satyro
1051 3176 1101 3208 non
1113 3176 1194 3207 coram
1206 3177 1260 3209 cum

196 3241 247 3290 baec
261 3242 334 3289 verba
352 3240 449 3288 ridetur
464 3239 545 3287 deesse
563 3239 626 3286 inter
638 3249 707 3286 coete-
750 3257 806 3305 rege
820 3242 846 3288 iu
857 3251 943 3288 senatu
958 3239 1108 3304 disceptandi
1122 3239 1261 3288 facultatem

196 3335 252 3376 ras,
270 3333 312 3368 aut
326 3317 403 3366 simile
413 3318 579 3381 quid;,Gron.
593 3319 627 3364 Et
638 3319 705 3382 lega·
752 3322 831 3369 datam
851 3320 932 3369 tradit.
960 3319 1137 3384 Intemperantr'
1160 3320 1263 3368 malebat

197 3406 420 3454 tionislllsodiorum
427 3407 583 3468 eratSatflus
586 3405 707 3468 princeps,
752 3403 830 3450 Gron.
846 3399 977 3458 Rationes,
997 3413 1041 3445 cur
1059 3400 1178 3446 Eumenes
1198 3399 1263 3447 Rbo-

197 3487 262 3545 conj.
274 3486 312 3532 vir
325 3486 412 3533 doetus
423 3486 534 3533 laudatus
544 3501 558 3532 a
569 3484 657 3544 Diale,
666 3484 707 3531 bio
752 3481 799 3528 diis
821 3478 894 3527 fuerit
915 3478 1020 3537 invisus,
1041 3477 1114 3525 tradit
1128 3477 1263 3542 Polybius,

196 3580 272 3612 vero:
292 3566 325 3612 Et
342 3565 431 3629 legatio
441 3565 590 3612 Rhodiorum
603 3575 709 3611 venem
752 3561 865 3616 XXVII,
876 3560 900 3605 6.

198 3659 230 3690 ac
242 3645 265 3692 S.
271 3660 299 3707 p.
789 3639 812 3688 5.
826 3639 973 3702 Popularem
989 3653 1020 3682 ae
1032 3646 1146 3700 grutam,
1162 3635 1219 3683 vide
1231 3638 1263 3684 ad
1318 3639 1327 3646 '

233 3732 257 3780 4.
267 3723 315 3769 Per
320 3733 440 3786 patronos
458 3725 534 3770 suos?
552 3739 582 3770 an
597 3722 707 3773 Rhodio·
734 3773 735 3776 ,
752 3720 789 3778 H,
801 3720 829 3778 8,
841 3733 866 3766 n.
879 3732 901 3763 ι.

197 3804 269 3849 rum?
289 3801 363 3850 Conf.
377 3801 409 3849 ad
425 3804 510 3862 XXV,
526 3817 573 3863 29,
592 3818 618 3850 n.
639 3803 708 3850 5.-„
788 3798 813 3845 6.
826 3799 944 3844 Favorem
961 3792 1031 3856 apud
1049 3793 1172 3838 Romanos
1181 3792 1262 3858 feu-in

198 3881 272 3942 Quod
292 3899 367 3944 quum
384 3881 537 3945 contigisset,
556 3897 586 3929 ex
601 3882 707 3946 Appian.
753 3878 816 3926 sorte
830 3874 982 3933 arixitsjam
994 3873 1059 3918 enim
1072 3882 1127 3919 ante
1142 3873 1200 3920 satis
1213 3888 1264 3924 erat

195 3958 215 4006 l.
226 3959 243 4006 l.
254 3960 315 4007 sorte
324 3961 371 4024 leg.
381 3975 432 4007 non
443 3959 595 4025 coticigisset,¹
603 3961 708 4009 Duk-
752 3954 905 4010 favorabilia
924 3954 1002 4000 Grou.
1015 3950 1143 4015 Appianas
1156 3951 1173 4000 l.
1191 3955 1208 4003 l.
1227 3957 1263 4003 di-

197 4037 318 4084 libertate
340 4038 538 4102 intemperantius
556 4039 661 4086 invectus
682 4040 707 4086 iu
753 4037 803 4093 cit,
824 4035 917 4096 legatos
938 4031 1012 4078 nimis
1033 4030 1131 4078 dicendi
1153 4031 1263 4083 libertate

197 4130 292 4178 regem
303 4116 360 4165 vide
379 4117 411 4164 ed
426 4119 523 4176 XXIV,
543 4133 591 4175 aa,
611 4129 664 4166 not.
685 4135 706 4165 r.
752 4119 878 4163 Romanos
890 4113 966 4174 magis
985 4125 1136 4173 exasperasse
1149 4111 1264 4163 adversus
