2972 4720
193 381 320 484 3:523:
367 400 451 467 ue.
478 401 587 467 xtn.
615 400 711 468 oar.
736 400 879 468 xxvu.
906 361 1066 470 naun.
1183 404 1228 496 [27

167 517 281 590 beret.
303 522 343 588 C.
363 518 517 615 Popillio
533 518 671 590 consuli
685 544 730 590 ex
744 521 951 592 auctoritate
965 536 1109 592 senatus
1126 525 1163 591 C.
1178 525 1231 592 Li-

168 629 283 700 cinius
299 644 431 727 praetor
450 627 590 717 soribit,
612 644 653 700 ut
670 645 706 700 et
722 629 899 726 legionem
921 630 1132 718 secundam,
1152 657 1231 728 quae

168 741 322 810 maxime
334 755 499 811 veterana
512 739 549 809 in
564 739 757 836 Liguribus
771 755 864 827 erat,
880 743 1045 812 et'socios
1059 741 1160 813 latini
1172 767 1234 812 no·

169 851 293 934 minis,
309 864 464 946 quatuor
477 849 587 920 millia
604 848 785 946 peditum,
801 846 975 922 ducentos
989 853 1145 948 equites,
1159 853 1232 923 Idi·-

168 959 238 1030 bus
257 957 456 1030 Februariis
474 959 655 1031 Brundisii
670 958 793 1058 adesse
805 958 960 1053 juberet.
976 966 1050 1031 Hac
1069 961 1178 1032 classe
1197 975 1233 1032 et

169 1069 240 1158 boc
253 1070 411 1139 exercitu
425 1073 493 1140 Cn.
507 1069 659 1140 Sicinius
672 1070 892 1166 provinciam
908 1070 1156 1143 Macedoniam
1169 1071 1232 1142 ob

169 1181 300 1258 tinere,
318 1179 436 1250 donec
455 1199 639 1250 successor
657 1179 812 1261 veniret,
827 1180 967 1273 jussus,
987 1197 1181 1278 prorogato
1194 1183 1231 1250 in

170 1312 303 1360 annum
323 1289 485 1386 imperio.
505 1292 555 1360 Ea
572 1289 710 1375 omnia,
733 1294 813 1385 qua'e
835 1303 977 1360 senatus
996 1291 1152 1378 censuit,
1169 1293 1232 1358 im·

170 1401 269 1498 pigre
287 1396 489 1470 factasunt.
511 1397 877 1495 Duodequadraginta
893 1398 1172 1494 quinqueremes
1190 1424 1234 1469 ex
1308 1400 1313 1410 '

166 1507 356 1579 navalibus
380 1507 569 1580 deductae:
594 1509 657 1604 qui
683 1507 879 1578 deduceret
903 1531 962 1578 eas
983 1506 1234 1594 Brundisium,

170 1627 209 1692 L.
232 1623 379 1693 Porcius
403 1623 560 1694 Licinius
582 1625 816 1718 praepositusn:
837 1619 1028 1692 duodecim
1054 1645 1098 1690 ex
1121 1623 1236 1692 Sicilia

171 1735 295 1804 missae.
311 1733 366 1804 Ad
383 1731 605 1804 frumentum
620 1732 720 1804 classi
737 1732 982 1826 exercituique
996 1731 1235 1802 coemendum

172 1844 209 1912 in
223 1843 389 1940 Apuliam
406 1841 677 1938 Calabriamque
693 1857 764 1912 tres
782 1841 889 1938 legati
909 1841 1024 1927 missi,
1043 1845 1121 1911 Sex.
1137 1844 1235 1938 Digi-

171 1954 261 2039 tius,
277 1957 316 2022 T.
331 1955 520 2022 Juventius
530 1942 546 2036 ,
560 1957 611 2022 M.
633 1950 806 2022 Caecilius.
820 1950 882 2022 Ad
903 1952 1024 2022 omnia
1041 1968 1237 2049 praeparata

173 2063 238 2130 Cn.
264 2061 416 2132 Sicinius
442 2076 584 2158 praetor,
613 2059 804 2157 paludatus
832 2085 876 2130 ex
904 2059 1003 2131 Urbe
1032 2059 1234 2156 profectus,

173 2167 401 2239 Brundisium
419 2171 528 2240 venit.
710 2175 711 2192 ¹
934 2172 937 2176 ’
1339 2263 1342 2267 ¹

220 2282 381 2349 XXVIII.
405 2281 514 2350 Exitu
532 2302 647 2376 prope
668 2281 752 2349 anni
773 2283 810 2350 C.
831 2277 1003 2374 Popillius
1023 2281 1148 2350 consul
1163 2286 1238 2354 Ros
1393 2343 1395 2351 .

174 2411 268 2458 mam
282 2387 388 2459 rediit
401 2387 585 2484 aliquanto
600 2389 733 2474 serius,
751 2411 861 2482 quam
876 2403 1017 2458 senatus
1031 2405 1236 2478 censuerat;

175 2500 231 2568 cui
250 2499 368 2596 primo
384 2523 532 2596 quoque
547 2513 710 2595 tempore
726 2498 953 2592 magistratus
968 2521 1105 2586 creare,
1122 2524 1237 2596 quum

173 2623 314 2678 tanturn
330 2606 472 2694 ,bellurn
487 2607 707 2694 immineret,
725 2607 862 2701 jussum
885 2616 995 2676 erat1.
1015 2612 1141 2703 Itaque
1162 2633 1238 2678 non

175 2873 238 2921 quo,
254 2873 301 2922 pro
312 2867 340 2903 ut
347 2856 421 2920 poni,
430 2868 514 2904 monet
525 2854 683 2904 Drakenbe*
727 2843 892 2906 ante'Vaseos.
903 2841 987 2906 Creari
992 2852 1120 2921 pulsuemt
1127 2861 1172 2910 MS
1179 2861 1238 2924 Vin7

174 2923 209 2982 Et
220 2936 298 2982 sorios
310 2934 382 2982 latini
395 2933 516 2990 norninis,
528 2951 552 2996 q.
567 2951 598 2980 m.
605 2935 682 2996 ped,
730 2937 789 2984 dob.
802 2937 867 2984 unde
881 2937 961 2984 creari
968 2937 1101 2998 placuerat
1109 2938 1147 2984 vel
1161 2940 1238 3003 perli-

174 3027 221 3063 ete.
230 3011 552 3078 legijussitGron.socium.
569 3011 616 3058 Sed
625 3013 686 3060 nibil
730 3017 815 3062 buerat
826 3016 892 3074 conj.
908 3013 1023 3062 Oudend.
1040 3015 1071 3060 ad
1085 3017 1149 3084 Suet.
1160 3019 1236 3084 Vesp.

174 3095 272 3142 videtur
280 3094 352 3142 Crev.
361 3101 386 3137 et
395 3089 470 3138 Drak.
480 3090 614 3137 mutatione
624 3105 687 3152 opus
732 3095 773 3140 23.
787 3093 896 3140 Verbum
906 3092 992 3156 jubere
1012 3089 1137 3140 infinitivo
1155 3098 1236 3145 activo

175 3190 234 3222 ωε,
258 3173 313 3219 Hoc
334 3168 409 3229 loeo,
424 3179 452 3216 ut
470 3169 521 3228 jam
545 3167 618 3222 alibi,
641 3183 687 3230 per
730 3171 819 3235 passim
834 3171 919 3234 jungI‚
939 3171 982 3218 sed
998 3171 1123 3220 intellecto
1139 3189 1237 3223 accusa·

134 3283 143 3305 ι
175 3249 327 3317 epexegesim
340 3249 456 3312 loquutus
471 3258 508 3295 est.
523 3246 614 3295 Livius.
627 3245 685 3293 Vid»
730 3251 781 3298 tivo
796 3265 894 3308 eorum,
907 3249 950 3312 qui
958 3249 1083 3309 jubentur,
1093 3250 1166 3300 docet
1178 3255 1237 3302 Dra·

175 3331 240 3381 out.
253 3331 285 3378 ad
296 3328 406 3386 XXXV,
420 3327 497 3394 πως
513 3327 540 3385 5,
555 3337 579 3374 et
592 3326 685 3374 Sanetii
729 3328 802 3376 kanb.
819 3329 851 3376 ad
867 3330 979 3388 XXVII,
993 3339 1026 3386 αἱ,
1038 3365 1045 3387 ,
1059 3346 1084 3377 n.
1098 3331 1128 3390 33
1144 3333 1194 3381 vid.
1213 3337 1238 3382 et

176 3411 240 3458 Min.
259 3411 303 3467 IV,
317 3410 345 3466 8,
358 3417 424 3455 utet
437 3406 558 3455 Perinad
571 3407 597 3454 b.
610 3407 683 3456 l.En.
729 3411 858 3457 Burmann.
881 3408 913 3457 ad
923 3409 1009 3473 Vir-gil.
1026 3409 1084 3458 AEn.
1108 3412 1146 3468 II,
1165 3415 1194 3472 3,
1214 3427 1239 3463 et

211 3490 270 3538 Car.
279 3488 400 3535 xxvttt.
415 3501 436 3532 1.
447 3474 579 3551 Cuiprimo
589 3501 686 3551 quoque
730 3490 787 3536 Em.
801 3488 833 3535 ad
847 3487 970 3550 tactum,
985 3489 1048 3536 Hist.
1063 3491 1088 3547 1,
1108 3491 1148 3536 38.
1159 3494 1238 3542 Ioeu.

175 3581 281 3631 tempore
306 3564 461 3629 magistram
486 3581 570 3612 creare
589 3564 685 3630 jussum
731 3559 821 3608 tionem
828 3558 916 3624 jubere
930 3559 1006 3607 alicui
1019 3560 1133 3607 soloeoam
1146 3577 1197 3610 esse
1215 3576 1239 3613 et

176 3657 249 3701 erat,·
275 3659 331 3692 usus
351 3643 470 3706 loquendi
492 3641 586 3692 dictat:
615 3659 686 3708 quem
729 3638 756 3685 itt
769 3639 869 3702 optimis
883 3638 1043 3703 scriptoribus
1059 3639 1098 3686 vel
1115 3656 1240 3704 nunquam

176 3740 259 3772 creare
264 3723 359 3788 jussum
370 3733 438 3779 aaa,
453 3722 492 3770 vel
506 3722 594 3786 quippe
603 3722 685 3784 primo
730 3718 769 3764 vel
782 3719 900 3778 rarissime
914 3718 998 3766 saltem
1013 3717 1125 3776 obviam,
1139 3731 1237 3770 conten·

176 3791 272 3868 qnoqtte
295 3813 400 3865 tempore
420 3801 576 3866 magistratus
603 3815 686 3848 creare
730 3795 792 3844 dunt
803 3798 880 3844 Gron·
894 3797 926 3844 ad
935 3797 1049 3853 XXVII,
1064 3803 1110 3855 243
1128 3798 1193 3847 Dulr.
1207 3802 1238 3849 ad

170 3881 253 3946 jussus
263 3892 330 3938 erat,·
341 3881 419 3928 Gron.
430 3879 479 3941 Qui
487 3879 594 3945 (consul)
603 3896 686 3927 creare
729 3876 834 3933 XXIII,
854 3891 903 3934 21,
924 3869 1027 3932 XXVI,
1052 3881 1099 3932 41,
1123 3877 1238 3939 xxvtt,

171 3962 255 4027 jussus
270 3971 335 4018 erat,
355 3972 379 4009 et
400 3959 586 4025 cui(senatui)
607 3960 687 4007 creari
730 3961 779 4012 243
796 3954 869 4002 Drak.
887 3954 1239 4022 auxxvlt,24‚xxtt11‚
1270 3973 1272 3978 ’

177 4039 320 4088 visumerat
329 4039 423 4088 emend.
434 4038 505 4086 Crev.
515 4039 590 4102 etqui
599 4037 609 4102 (
618 4054 685 4086 sena-
734 4035 780 4090 163
794 4034 876 4080 Buten.
888 4030 920 4078 ad
932 4033 1030 4078 Petron.
1044 4048 1097 4097 cap.
1109 4049 1156 4093 713
1168 4038 1237 4086 Con,

176 4129 218 4166 tus
227 4116 237 4182 )
246 4117 325 4166 creare·
330 4118 439 4183 jusserat
449 4117 525 4165 Perit.
536 4115 619 4164 Creari
630 4115 685 4166 edd.
730 4113 760 4160 ad
780 4113 837 4160 Sall.
851 4114 907 4174 Jug.
925 4111 974 4168 843
988 4110 1068 4175 intpp.
1087 4115 1152 4162 Suet.
1163 4118 1236 4179 Vesp.
