2970 4712
254 420 323 492 308
674 419 713 484 r.
746 417 888 487 mvn
1173 395 1295 496 ljsstsst:

252 573 269 608 ι
283 567 327 612 ex
342 532 488 609 sordido
501 535 725 624 deversorio,
740 539 798 607 vix
810 533 977 607 mercede
989 537 1143 633 recepti,
1154 559 1196 605 ac
1206 559 1322 633 prope

254 683 271 717 ιι
286 651 446 721 hostium
473 671 576 718 more
606 661 705 718 extra
730 645 866 718 Urbem
893 670 1040 717 manere
1058 647 1168 740 J'ussi,
1190 647 1227 716 in
1253 645 1323 718 hoc

253 793 270 828 ιι
284 744 452 859 squalore
468 760 633 830 venimus
647 758 684 825 in
703 757 839 827 curiam
859 780 1045 827 romanam
1060 755 1209 844 Rhodii,
1231 777 1323 853 quos

254 905 271 940 ιι
286 870 480 971 provinciis
505 891 625 964 nuper
649 866 756 964 Lycia
782 882 891 963 atque
911 869 1035 955 Caria,
1058 892 1151 964 quos
1171 869 1324 965 praemiis

255 1013 270 1047 ιι
286 995 395 1077 atque
407 973 612 1049 honoribus
626 975 852 1074 amplissimis
866 976 1036 1049 donastis.
1052 982 1096 1048 Et
1108 977 1325 1049 Macedonas

256 1126 271 1159 ιι
286 1086 502 1188 Illyriosque
515 1085 649 1158 liberos
663 1110 740 1175 esse
753 1083 1032 1184 (utaudimus3)
1041 1086 1193 1182 J'ubetis,
1209 1112 1325 1184 quum

255 1200 490 1285 «servierint,
506 1212 698 1294 antequam
711 1195 899 1268 vobiscum
912 1195 1091 1269 bellarent
1105 1198 1198 1293 (nec
1212 1199 1326 1293 cujus-

256 1346 272 1380 ιι
284 1336 397 1410 quam
426 1308 580 1380 fortunae
607 1306 833 1395 invidemus,
861 1309 973 1380 immo
1000 1309 1229 1406 agnoscimus
1252 1307 1325 1379 cle·

256 1456 273 1490 ιι
286 1423 459 1494 mentiam
483 1416 612 1516 populi
631 1416 814 1513 romani):
834 1415 1013 1504 Rhodios,
1036 1418 1100 1514 qui
1119 1415 1209 1486 nihil
1228 1414 1324 1487 aliud

256 1566 272 1601 ιι
287 1557 397 1632 quam
412 1530 654 1627 quieverunt‘*
669 1525 866 1614 bochello,
883 1523 1005 1598 hostes
1020 1551 1064 1598 ex
1078 1527 1184 1598 sociis
1198 1523 1326 1598 facturi

255 1677 272 1712 ιι
286 1643 392 1717 estis?
411 1645 518 1712 Certe
539 1637 688 1736 quidem
706 1661 771 1707 vos
791 1638 875 1707 estis
893 1638 1067 1723 Romani,
1089 1638 1154 1734 qui
1174 1636 1258 1708 ideo
1273 1633 1326 1708 fe-

257 1788 275 1823 ιι
289 1757 370 1827 licia
395 1751 490 1823 bella
516 1763 632 1820 vestra
656 1771 755 1831 esse,
783 1747 869 1844 quia
891 1746 989 1840 J'usta
1013 1747 1105 1835 sint,
1127 1770 1202 1844 prae
1225 1743 1327 1818 vobis
1377 1801 1383 1822 ,

258 1897 275 1932 ιι
289 1865 409 1951 lertis;
432 1885 500 1931 nec
524 1875 596 1930 tam
619 1859 718 1929 exitu
737 1881 885 1942 eorum,
905 1855 1006 1953 quod
1027 1857 1199 1942 vincatis,
1219 1879 1326 1952 quam

257 1971 493 2074 «principiis,
519 1965 620 2065 quod
642 1989 719 2038 non
741 1968 818 2037 sine
837 1991 941 2037 causa
960 1967 1179 2064 suscipiatis,
1199 1966 1327 2062 gloria·

259 2115 276 2151 ιι
290 2084 389 2154 mini.
415 2084 579 2151 Messana
598 2079 637 2147 in
663 2076 780 2146 Sicilia
801 2075 1036 2176 oppugnata⁵
1060 2077 1327 2175 Carthaginien·

259 2221 276 2260 ιι
291 2214 367 2275 ses,
399 2189 547 2260 Athenae
579 2202 796 2284 oppugnatae
825 2203 862 2258 et
889 2189 1063 2258 Graecia
1054 2214 1092 2258 m
1120 2191 1328 2259 servitutem

257 2305 401 2401 «petita
419 2309 455 2370 et
471 2295 617 2391 adjutus
635 2296 813 2368 Hannibal
830 2299 1001 2396 pecunia,
1021 2299 1180 2386 auxiliis,
1199 2297 1330 2395 Philip·

259 2444 276 2480 ιι
292 2436 381 2511 pum
413 2409 555 2478 hostem
573 2389 783 2479 fecerunt.
794 2407 1029 2482 Antiochus
1021 2417 1122 2508 ipse,
1158 2408 1254 2480 ultro
1284 2406 1329 2480 ab

257 2554 274 2588 ιι
289 2520 412 2594 AEtolis
430 2515 598 2588 hostibus
614 2512 741 2589 vestris
762 2519 969 2608 arcessitus,
993 2545 1039 2590 ex
1056 2521 1139 2590 Asia
1161 2517 1301 2590 classe
1292 2544 1329 2588 ιιι

258 2665 275 2699 ι
290 2621 463 2705 Graeciam
489 2627 649 2722 trajecit,
658 2629 900 2702 Demetriade
927 2644 964 2702 et
986 2627 1156 2701 Chalcide
1179 2645 1216 2701 et
1238 2627 1330 2700 saltu

259 2775 275 2810 ιι
292 2738 617 2855 Thermopylarum
641 2755 840 2838 occupato,
870 2741 916 2812 de
942 2741 1169 2838 possessione
1189 2739 1331 2838 imperii

259 2886 276 2920 ιι
290 2877 354 2924 vos
369 2839 525 2945 dejicere
542 2863 704 2924 conatus.
727 2855 820 2922 Cum
838 2855 969 2923 Perseo
988 2851 1076 2921 socii
1090 2850 1197 2920 vestri
1213 2873 1332 2947 oppu

261 2993 277 3028 ιι
291 2966 405 3061 gnati,
419 2961 479 3031 alii
493 2957 673 3032 interlecti
692 2961 809 3059 reguli
823 2963 1080 3059 principesque
1093 2961 1257 3056 gentium
1270 2974 1332 3030 aut

260 3071 531 3171 «populorum,
554 3093 660 3141 causa
681 3070 768 3142 belli
789 3071 892 3142 vobis
912 3069 1023 3142 fuere.
1046 3074 1164 3161 Quem
1186 3069 1330 3141 tandem

262 3214 279 3250 ιι
291 3182 440 3254 titulum
458 3193 580 3250 nostra
597 3180 778 3265 calamitas
793 3182 962 3255 habitura
975 3194 1047 3269 est,
1067 3181 1097 3250 si
1110 3181 1261 3277 perituri
1275 3203 1331 3248 su·

262 3325 278 3359 ιι
292 3292 397 3362 mus?
417 3289 589 3362 Nondum
609 3314 759 3389 segrego
780 3293 933 3363 civitatis
952 3314 1130 3362 causama
1147 3288 1333 3386 Polyarato

263 3461 342 3509 Gron.
360 3457 542 3506 deducebantur
558 3458 677 3509 excidisse
695 3463 778 3512 crede·
829 3460 920 3517 vimus,
942 3471 1012 3508 etest
1038 3453 1182 3529 idtortap'oc
1201 3458 1334 3522 vulgariam

263 3539 307 3588 bat
325 3540 397 3588 Crev.
409 3537 553 3604 ferebamus
571 3538 668 3587 emend.
681 3539 778 3586 Perizo-
823 3555 921 3602 quoque
942 3539 1079 3604 linguarum
1097 3537 1173 3586 aredio
1188 3553 1236 3603 pro
1252 3538 1336 3586 audivi

263 3618 327 3665 niue.
346 3643 382 3654 -
398 3619 476 3664 Dour.
488 3615 584 3664 Livium
597 3633 643 3666 nee
654 3616 777 3684 scripsisse
822 3618 861 3666 vel
874 3619 995 3682 cognovi3
1015 3619 1140 3680 Gronov.,
1159 3617 1263 3666 laudatis
1282 3619 1334 3667 Cic.

263 3697 422 3744 veniebamus
432 3695 507 3761 (quis.
517 3696 583 3743 enim
597 3697 661 3744 lranc
671 3697 777 3745 latinita-
821 3713 867 3762 pro
881 3700 955 3745 Rosc.
972 3713 1026 3761 cap.
1040 3699 1070 3755 6,
1088 3708 1112 3744 et
1132 3700 1198 3746 Petr.
1211 3713 1264 3761 cap.
1278 3705 1334 3752 104.

264 3773 382 3824 tem'ferat
392 3789 399 3822 ι
409 3789 483 3838 quum
492 3764 594 3822 Romam
603 3774 777 3824 venissemus...
822 3777 894 3827 Cous.
908 3791 962 3841 cap.
975 3778 1008 3824 23
1023 3787 1085 3825 extr.
1099 3789 1125 3825 et
1138 3793 1192 3842 cap.
1206 3784 1250 3832 nt.

197 3849 201 3856 ’
264 3852 479 3918 veniebamus³)‚
496 3869 540 3900 nec
567 3853 631 3902 illud
654 3855 778 3903 reticuisse
858 3864 883 3912 4.
901 3855 975 3903 Nittt
993 3855 1066 3903 aliud
1081 3871 1157 3919 quam
1175 3856 1334 3922 quieveruneJ

263 3933 394 3981 existimat.
405 3931 454 3980 Sed
462 3933 601 3996 suspicatur
604 3935 775 3997 pergebamus
822 3935 879 3983 vide
890 3935 922 3983 ad
935 3939 960 3984 11
966 3937 1016 3998 ,8,
1026 3951 1052 3983 u.
1064 3951 1088 3996 9.

201 4052 204 4059 .
263 4027 309 4058 nec
329 4011 443 4074 repudiat
464 4024 544 4060 tamen
568 4013 677 4061 Creverii
699 4014 778 4074 conje·
859 4015 883 4064 5.
897 4015 1042 4063 Messana
1031 4030 1056 4062 ιιι
1072 4011 1156 4060 Sicilia
1173 4023 1332 4077 oppugnata,

248 4100 363 4156 tenuram.
375 4091 422 4138 En.
529 4113 534 4128 =
606 4125 609 4134 .
823 4095 849 4142 Ιι.
868 4111 891 4146 e.
911 4095 962 4156 ejus
980 4093 1145 4160 oppugnatio,
1160 4102 1207 4140 eto.
1226 4090 1282 4139 vide
1303 4089 1336 4140 ad

280 4169 327 4217 3
340 4167 565 4218 Utaudimusvett.
577 4169 634 4219 edd.
647 4171 779 4222 nouandi·
823 4175 949 4236 xxvm,
963 4175 1012 4236 28,
1022 4189 1047 4222 ιι.
1060 4173 1083 4222 3.
