<?xml version="1.0" encoding="UTF-8"?>
<!DOCTYPE html PUBLIC "-//W3C//DTD XHTML 1.0 Transitional//EN"
    "http://www.w3.org/TR/xhtml1/DTD/xhtml1-transitional.dtd">
<html xmlns="http://www.w3.org/1999/xhtml" xml:lang="en" lang="en">
 <head>
  <title>
</title>
<meta http-equiv="Content-Type" content="text/html;charset=utf-8" />
  <meta name='ocr-system' content='tesseract 3.04.00' />
  <meta name='ocr-capabilities' content='ocr_page ocr_carea ocr_par ocr_line ocrx_word'/>
</head>
<body>
  <div class='ocr_page' id='page_1' title='image "./titusliviuspata02freigoog_0174.png"; bbox 0 0 2982 4702; ppageno 0'>
   <div class='ocr_carea' id='block_1_1' title="bbox 223 358 1259 474">
    <p class='ocr_par' dir='ltr' id='par_1_1' title="bbox 223 358 1259 474">
     <span class='ocr_line' id='line_1_1' title="bbox 223 358 1259 474; baseline -0.008 -14"><span class='ocrx_word' id='word_1_1' title='bbox 223 358 350 462; x_wconf 69' lang='lat' dir='ltr'><strong>tnta:</strong></span> <span class='ocrx_word' id='word_1_2' title='bbox 425 383 576 450; x_wconf 73' lang='lat' dir='ltr'><strong>tasas</strong></span> <span class='ocrx_word' id='word_1_3' title='bbox 605 382 749 452; x_wconf 80' lang='lat' dir='ltr'><strong>xttrt.</strong></span> <span class='ocrx_word' id='word_1_4' title='bbox 776 383 883 474; x_wconf 78' lang='lat' dir='ltr'><strong>¹osa</strong></span> <span class='ocrx_word' id='word_1_5' title='bbox 912 385 1057 450; x_wconf 76' lang='lat' dir='ltr'><strong>xant.</strong></span> <span class='ocrx_word' id='word_1_6' title='bbox 1194 378 1259 452; x_wconf 77' lang='lat'><strong>165</strong></span> 
     </span>
    </p>
   </div>
   <div class='ocr_carea' id='block_1_2' title="bbox 124 501 1264 2360">
    <p class='ocr_par' dir='ltr' id='par_1_2' title="bbox 124 501 1263 1920">
     <span class='ocr_line' id='line_1_2' title="bbox 195 501 1259 600; baseline 0.004 -29"><span class='ocrx_word' id='word_1_7' title='bbox 195 503 370 597; x_wconf 86' lang='lat' dir='ltr'><strong>superatis</strong></span> <span class='ocrx_word' id='word_1_8' title='bbox 386 503 577 598; x_wconf 86' lang='lat' dir='ltr'><strong>angustiis,</strong></span> <span class='ocrx_word' id='word_1_9' title='bbox 596 502 633 571; x_wconf 90' lang='lat' dir='ltr'><strong>iu</strong></span> <span class='ocrx_word' id='word_1_10' title='bbox 657 526 806 600; x_wconf 86' lang='lat' dir='ltr'><strong>catnp0,</strong></span> <span class='ocrx_word' id='word_1_11' title='bbox 825 526 934 599; x_wconf 87' lang='lat' dir='ltr'><strong>quern</strong></span> <span class='ocrx_word' id='word_1_12' title='bbox 954 501 1095 572; x_wconf 88' lang='lat' dir='ltr'><strong>Elaeona</strong></span> <span class='ocrx_word' id='word_1_13' title='bbox 1112 519 1259 590; x_wconf 86' lang='lat' dir='ltr'><strong>vocant,</strong></span> 
     </span>
     <span class='ocr_line' id='line_1_3' title="bbox 195 611 1261 710; baseline 0.003 -29"><span class='ocrx_word' id='word_1_14' title='bbox 195 612 320 685; x_wconf 87' lang='lat' dir='ltr'><strong>stativa</strong></span> <span class='ocrx_word' id='word_1_15' title='bbox 340 611 478 682; x_wconf 88' lang='lat' dir='ltr'><strong>dierum</strong></span> <span class='ocrx_word' id='word_1_16' title='bbox 499 636 698 710; x_wconf 89' lang='lat' dir='ltr'><strong>paucorum</strong></span> <span class='ocrx_word' id='word_1_17' title='bbox 715 611 852 682; x_wconf 92' lang='lat' dir='ltr'><strong>habuit.</strong></span> <span class='ocrx_word' id='word_1_18' title='bbox 872 613 1017 682; x_wconf 86' lang='lat' dir='ltr'><strong>Interim</strong></span> <span class='ocrx_word' id='word_1_19' title='bbox 1039 611 1183 698; x_wconf 79' lang='lat' dir='ltr'><strong>Cleuas,</strong></span> <span class='ocrx_word' id='word_1_20' title='bbox 1204 638 1261 684; x_wconf 84' lang='lat' dir='ltr'><strong>as·</strong></span> 
     </span>
     <span class='ocr_line' id='line_1_4' title="bbox 196 719 1262 821; baseline 0.001 -31"><span class='ocrx_word' id='word_1_21' title='bbox 196 736 343 820; x_wconf 90' lang='lat' dir='ltr'><strong>sumpto</strong></span> <span class='ocrx_word' id='word_1_22' title='bbox 368 721 609 810; x_wconf 89' lang='lat' dir='ltr'><strong>Philostrat0,</strong></span> <span class='ocrx_word' id='word_1_23' title='bbox 634 723 698 819; x_wconf 93' lang='lat' dir='ltr'><strong>qui</strong></span> <span class='ocrx_word' id='word_1_24' title='bbox 725 723 954 821; x_wconf 82' lang='lat' dir='ltr'>Epirotarum</span> <span class='ocrx_word' id='word_1_25' title='bbox 980 736 1125 817; x_wconf 85' lang='lat' dir='ltr'><strong>gentem</strong></span> <span class='ocrx_word' id='word_1_26' title='bbox 1154 719 1262 791; x_wconf 90' lang='lat' dir='ltr'><strong>babe-</strong></span> 
     </span>
     <span class='ocr_line' id='line_1_5' title="bbox 195 829 1261 930; baseline -0.001 -29"><span class='ocrx_word' id='word_1_27' title='bbox 195 829 293 918; x_wconf 75' lang='lat' dir='ltr'><strong>bat3,</strong></span> <span class='ocrx_word' id='word_1_28' title='bbox 307 832 346 901; x_wconf 91' lang='lat' dir='ltr'><strong>in</strong></span> <span class='ocrx_word' id='word_1_29' title='bbox 360 855 486 928; x_wconf 84' lang='lat' dir='ltr'><strong>agrum</strong></span> <span class='ocrx_word' id='word_1_30' title='bbox 500 833 782 930; x_wconf 83' lang='lat' dir='ltr'><strong>Antigonensem</strong></span> <span class='ocrx_word' id='word_1_31' title='bbox 797 829 1027 902; x_wconf 85' lang='lat' dir='ltr'><strong>transcendit.</strong></span> <span class='ocrx_word' id='word_1_32' title='bbox 1044 829 1261 902; x_wconf 83' lang='lat' dir='ltr'><strong>Macedones</strong></span> 
     </span>
     <span class='ocr_line' id='line_1_6' title="bbox 195 939 1263 1040; baseline 0.002 -30"><span class='ocrx_word' id='word_1_33' title='bbox 195 939 240 1010; x_wconf 87' lang='lat' dir='ltr'><strong>ad</strong></span> <span class='ocrx_word' id='word_1_34' title='bbox 256 940 573 1038; x_wconf 78' lang='lat' dir='ltr'><strong>depopulationem</strong></span> <span class='ocrx_word' id='word_1_35' title='bbox 588 941 759 1040; x_wconf 81' lang='lat' dir='ltr'><strong>profecti3</strong></span> <span class='ocrx_word' id='word_1_36' title='bbox 775 941 1009 1012; x_wconf 87' lang='lat' dir='ltr'><strong>Philostratus</strong></span> <span class='ocrx_word' id='word_1_37' title='bbox 1018 963 1101 1012; x_wconf 90' lang='lat' dir='ltr'><strong>cum</strong></span> <span class='ocrx_word' id='word_1_38' title='bbox 1111 939 1263 1012; x_wconf 85' lang='lat' dir='ltr'><strong>cohorte</strong></span> 
     </span>
     <span class='ocr_line' id='line_1_7' title="bbox 194 1049 1260 1148; baseline 0.003 -30"><span class='ocrx_word' id='word_1_39' title='bbox 194 1074 260 1124; x_wconf 89' lang='lat' dir='ltr'><strong>sua</strong></span> <span class='ocrx_word' id='word_1_40' title='bbox 284 1051 321 1118; x_wconf 89' lang='lat' dir='ltr'><strong>in</strong></span> <span class='ocrx_word' id='word_1_41' title='bbox 345 1049 481 1121; x_wconf 89' lang='lat' dir='ltr'><strong>insidiis</strong></span> <span class='ocrx_word' id='word_1_42' title='bbox 499 1051 580 1122; x_wconf 95' lang='lat' dir='ltr'><strong>loco</strong></span> <span class='ocrx_word' id='word_1_43' title='bbox 598 1052 755 1123; x_wconf 92' lang='lat' dir='ltr'><strong>obscuro</strong></span> <span class='ocrx_word' id='word_1_44' title='bbox 780 1051 952 1123; x_wconf 88' lang='lat' dir='ltr'><strong>consedit.</strong></span> <span class='ocrx_word' id='word_1_45' title='bbox 978 1057 1019 1122; x_wconf 90' lang='lat' dir='ltr'><strong>ln</strong></span> <span class='ocrx_word' id='word_1_46' title='bbox 1041 1051 1177 1148; x_wconf 86' lang='lat' dir='ltr'><strong>palatos</strong></span> <span class='ocrx_word' id='word_1_47' title='bbox 1194 1075 1260 1148; x_wconf 93' lang='lat' dir='ltr'><strong>po·</strong></span> 
     </span>
     <span class='ocr_line' id='line_1_8' title="bbox 196 1159 1261 1260; baseline 0.002 -32"><span class='ocrx_word' id='word_1_48' title='bbox 196 1159 376 1256; x_wconf 77' lang='lat' dir='ltr'><strong>putatores</strong></span> <span class='ocrx_word' id='word_1_49' title='bbox 398 1185 511 1260; x_wconf 88' lang='lat' dir='ltr'><strong>quum</strong></span> <span class='ocrx_word' id='word_1_50' title='bbox 536 1164 738 1260; x_wconf 88' lang='lat' dir='ltr'><strong>erupissent</strong></span> <span class='ocrx_word' id='word_1_51' title='bbox 758 1161 804 1232; x_wconf 93' lang='lat' dir='ltr'><strong>ab</strong></span> <span class='ocrx_word' id='word_1_52' title='bbox 822 1163 1024 1258; x_wconf 82' lang='lat' dir='ltr'><strong>Antigonea</strong></span> <span class='ocrx_word' id='word_1_53' title='bbox 1043 1161 1188 1247; x_wconf 90' lang='lat' dir='ltr'><strong>armati,</strong></span> <span class='ocrx_word' id='word_1_54' title='bbox 1207 1159 1261 1230; x_wconf 76' lang='lat' dir='ltr'><strong>lu-</strong></span> 
     </span>
     <span class='ocr_line' id='line_1_9' title="bbox 196 1269 1260 1369; baseline 0.002 -30"><span class='ocrx_word' id='word_1_55' title='bbox 196 1271 334 1368; x_wconf 86' lang='lat' dir='ltr'><strong>gientes</strong></span> <span class='ocrx_word' id='word_1_56' title='bbox 354 1295 416 1341; x_wconf 93' lang='lat' dir='ltr'><strong>eos</strong></span> <span class='ocrx_word' id='word_1_57' title='bbox 436 1288 692 1369; x_wconf 88' lang='lat' dir='ltr'><strong>persequentes</strong></span> <span class='ocrx_word' id='word_1_58' title='bbox 713 1270 861 1344; x_wconf 83' lang='lat' dir='ltr'><strong>effusius</strong></span> <span class='ocrx_word' id='word_1_59' title='bbox 882 1273 919 1341; x_wconf 92' lang='lat' dir='ltr'><strong>in</strong></span> <span class='ocrx_word' id='word_1_60' title='bbox 942 1269 1069 1340; x_wconf 89' lang='lat' dir='ltr'><strong>vallem</strong></span> <span class='ocrx_word' id='word_1_61' title='bbox 1091 1271 1260 1340; x_wconf 86' lang='lat' dir='ltr'><strong>insessam</strong></span> 
     </span>
     <span class='ocr_line' id='line_1_10' title="bbox 196 1378 1261 1480; baseline -0.002 -30"><span class='ocrx_word' id='word_1_62' title='bbox 196 1378 243 1450; x_wconf 90' lang='lat' dir='ltr'><strong>ab</strong></span> <span class='ocrx_word' id='word_1_63' title='bbox 259 1379 423 1454; x_wconf 86' lang='lat' dir='ltr'><strong>hostibus</strong></span> <span class='ocrx_word' id='word_1_64' title='bbox 439 1384 670 1480; x_wconf 87' lang='lat' dir='ltr'><strong>praecipitant.</strong></span> <span class='ocrx_word' id='word_1_65' title='bbox 688 1381 742 1453; x_wconf 94' lang='lat' dir='ltr'><strong>Ibi</strong></span> <span class='ocrx_word' id='word_1_66' title='bbox 766 1383 810 1454; x_wconf 92' lang='lat' dir='ltr'><strong>ad</strong></span> <span class='ocrx_word' id='word_1_67' title='bbox 833 1381 929 1454; x_wconf 87' lang='lat' dir='ltr'><strong>mille</strong></span> <span class='ocrx_word' id='word_1_68' title='bbox 951 1381 1093 1466; x_wconf 92' lang='lat' dir='ltr'><strong>occisis,</strong></span> <span class='ocrx_word' id='word_1_69' title='bbox 1114 1396 1261 1452; x_wconf 86' lang='lat' dir='ltr'><strong>centum</strong></span> 
     </span>
     <span class='ocr_line' id='line_1_11' title="bbox 124 1490 1262 1590; baseline -0.002 -30"><span class='ocrx_word' id='word_1_70' title='bbox 124 1545 126 1548; x_wconf 86' lang='grc'>-</span> <span class='ocrx_word' id='word_1_71' title='bbox 197 1490 310 1562; x_wconf 87' lang='lat' dir='ltr'><strong>ferme</strong></span> <span class='ocrx_word' id='word_1_72' title='bbox 324 1494 453 1590; x_wconf 86' lang='lat' dir='ltr'><strong>captis,</strong></span> <span class='ocrx_word' id='word_1_73' title='bbox 467 1491 604 1589; x_wconf 90' lang='lat' dir='ltr'><strong>ubique</strong></span> <span class='ocrx_word' id='word_1_74' title='bbox 620 1517 791 1590; x_wconf 85' lang='lat' dir='ltr'><strong>prospere</strong></span> <span class='ocrx_word' id='word_1_75' title='bbox 806 1507 904 1589; x_wconf 84' lang='lat' dir='ltr'><strong>gesta</strong></span> <span class='ocrx_word' id='word_1_76' title='bbox 921 1516 981 1576; x_wconf 89' lang='lat' dir='ltr'><strong>re,</strong></span> <span class='ocrx_word' id='word_1_77' title='bbox 1005 1515 1118 1587; x_wconf 86' lang='lat' dir='ltr'><strong>prope</strong></span> <span class='ocrx_word' id='word_1_78' title='bbox 1137 1491 1262 1560; x_wconf 84' lang='lat' dir='ltr'><strong>stativa</strong></span> 
     </span>
     <span class='ocr_line' id='line_1_12' title="bbox 197 1599 1263 1701; baseline -0.004 -28"><span class='ocrx_word' id='word_1_79' title='bbox 197 1604 303 1701; x_wconf 86' lang='lat' dir='ltr'><strong>Appii</strong></span> <span class='ocrx_word' id='word_1_80' title='bbox 321 1618 440 1693; x_wconf 24' lang='lat' dir='ltr'><strong>,castra</strong></span> <span class='ocrx_word' id='word_1_81' title='bbox 463 1619 630 1691; x_wconf 90' lang='lat' dir='ltr'><strong>movent,</strong></span> <span class='ocrx_word' id='word_1_82' title='bbox 656 1630 703 1675; x_wconf 91' lang='lat' dir='ltr'><strong>ne</strong></span> <span class='ocrx_word' id='word_1_83' title='bbox 729 1628 801 1700; x_wconf 90' lang='lat' dir='ltr'><strong>qua</strong></span> <span class='ocrx_word' id='word_1_84' title='bbox 822 1605 874 1672; x_wconf 89' lang='lat' dir='ltr'><strong>vis</strong></span> <span class='ocrx_word' id='word_1_85' title='bbox 902 1603 1006 1672; x_wconf 90' lang='lat' dir='ltr'><strong>sociis</strong></span> <span class='ocrx_word' id='word_1_86' title='bbox 1032 1603 1105 1671; x_wconf 89' lang='lat' dir='ltr'><strong>suis</strong></span> <span class='ocrx_word' id='word_1_87' title='bbox 1137 1599 1182 1676; x_wconf 80' lang='lat' dir='ltr'><strong>ab</strong></span> <span class='ocrx_word' id='word_1_88' title='bbox 1209 1624 1263 1670; x_wconf 91' lang='lat' dir='ltr'><strong>ro·</strong></span> 
     </span>
     <span class='ocr_line' id='line_1_13' title="bbox 196 1711 1262 1812; baseline 0.001 -33"><span class='ocrx_word' id='word_1_89' title='bbox 196 1737 306 1783; x_wconf 86' lang='lat' dir='ltr'><strong>mano</strong></span> <span class='ocrx_word' id='word_1_90' title='bbox 322 1715 481 1784; x_wconf 78' lang='lat' dir='ltr'><strong>exercitu</strong></span> <span class='ocrx_word' id='word_1_91' title='bbox 501 1712 624 1786; x_wconf 85' lang='lat' dir='ltr'><strong>inferri</strong></span> <span class='ocrx_word' id='word_1_92' title='bbox 645 1715 768 1812; x_wconf 89' lang='lat' dir='ltr'><strong>possit.</strong></span> <span class='ocrx_word' id='word_1_93' title='bbox 785 1714 940 1812; x_wconf 91' lang='lat' dir='ltr'><strong>Appius,</strong></span> <span class='ocrx_word' id='word_1_94' title='bbox 961 1711 1208 1808; x_wconf 89' lang='lat' dir='ltr'><strong>nequidquam</strong></span> <span class='ocrx_word' id='word_1_95' title='bbox 1225 1711 1262 1780; x_wconf 87' lang='lat' dir='ltr'><strong>in</strong></span> 
     </span>
     <span class='ocr_line' id='line_1_14' title="bbox 198 1818 1262 1920; baseline 0 -31"><span class='ocrx_word' id='word_1_96' title='bbox 198 1821 254 1890; x_wconf 92' lang='lat' dir='ltr'><strong>his</strong></span> <span class='ocrx_word' id='word_1_97' title='bbox 274 1821 360 1892; x_wconf 92' lang='lat' dir='ltr'><strong>locis</strong></span> <span class='ocrx_word' id='word_1_98' title='bbox 381 1838 500 1894; x_wconf 89' lang='lat' dir='ltr'><strong>terens</strong></span> <span class='ocrx_word' id='word_1_99' title='bbox 518 1838 681 1920; x_wconf 90' lang='lat' dir='ltr'><strong>tempus,</strong></span> <span class='ocrx_word' id='word_1_100' title='bbox 701 1818 855 1895; x_wconf 91' lang='lat' dir='ltr'><strong>dimissis</strong></span> <span class='ocrx_word' id='word_1_101' title='bbox 875 1821 1158 1917; x_wconf 86' lang='lat' dir='ltr'><strong>Chaonumque,</strong></span> <span class='ocrx_word' id='word_1_102' title='bbox 1177 1834 1217 1890; x_wconf 77' lang='lat' dir='ltr'><strong>,et</strong></span> <span class='ocrx_word' id='word_1_103' title='bbox 1230 1821 1262 1890; x_wconf 88' lang='lat' dir='ltr'><strong>si</strong></span> 
     </span>
    </p>

    <p class='ocr_par' dir='ltr' id='par_1_3' title="bbox 197 1925 1264 2360">
     <span class='ocr_line' id='line_1_15' title="bbox 197 1925 1264 2033; baseline -0.002 -33"><span class='ocrx_word' id='word_1_104' title='bbox 197 1933 261 2028; x_wconf 91' lang='lat' dir='ltr'><strong>qui</strong></span> <span class='ocrx_word' id='word_1_105' title='bbox 279 1933 338 2004; x_wconf 91' lang='lat' dir='ltr'><strong>alii</strong></span> <span class='ocrx_word' id='word_1_106' title='bbox 356 1935 507 2030; x_wconf 85' lang='lat' dir='ltr'><strong>Epirotae</strong></span> <span class='ocrx_word' id='word_1_107' title='bbox 527 1949 648 2022; x_wconf 90' lang='lat' dir='ltr'><strong>erant,</strong></span> <span class='ocrx_word' id='word_1_108' title='bbox 674 1933 867 2033; x_wconf 84' lang='lat' dir='ltr'><strong>praesidiis,</strong></span> <span class='ocrx_word' id='word_1_109' title='bbox 892 1956 975 2002; x_wconf 87' lang='lat' dir='ltr'><strong>cum</strong></span> <span class='ocrx_word' id='word_1_110' title='bbox 998 1925 1128 2002; x_wconf 86' lang='lat' dir='ltr'><strong>Italicis</strong></span> <span class='ocrx_word' id='word_1_111' title='bbox 1149 1929 1264 2000; x_wconf 88' lang='lat' dir='ltr'><strong>militi-</strong></span> 
     </span>
     <span class='ocr_line' id='line_1_16' title="bbox 197 2040 1263 2141; baseline 0.003 -30"><span class='ocrx_word' id='word_1_112' title='bbox 197 2040 267 2112; x_wconf 90' lang='lat' dir='ltr'><strong>bus</strong></span> <span class='ocrx_word' id='word_1_113' title='bbox 291 2043 328 2112; x_wconf 92' lang='lat' dir='ltr'><strong>in</strong></span> <span class='ocrx_word' id='word_1_114' title='bbox 353 2043 535 2139; x_wconf 83' lang='lat' dir='ltr'><strong>Illyricum</strong></span> <span class='ocrx_word' id='word_1_115' title='bbox 560 2068 762 2140; x_wconf 85' lang='lat' dir='ltr'><strong>regressus,</strong></span> <span class='ocrx_word' id='word_1_116' title='bbox 784 2067 850 2141; x_wconf 85' lang='lat' dir='ltr'><strong>per</strong></span> <span class='ocrx_word' id='word_1_117' title='bbox 875 2041 1129 2119; x_wconf 84' lang='lat' dir='ltr'><strong>Parthinorum</strong></span> <span class='ocrx_word' id='word_1_118' title='bbox 1152 2041 1263 2114; x_wconf 82' lang='lat' dir='ltr'><strong>socias</strong></span> 
     </span>
     <span class='ocr_line' id='line_1_17' title="bbox 199 2151 1264 2250; baseline 0 -28"><span class='ocrx_word' id='word_1_119' title='bbox 199 2151 332 2223; x_wconf 75' lang='lat' dir='ltr'><strong>urbest</strong></span> <span class='ocrx_word' id='word_1_120' title='bbox 346 2154 383 2223; x_wconf 94' lang='lat' dir='ltr'><strong>in</strong></span> <span class='ocrx_word' id='word_1_121' title='bbox 398 2153 548 2224; x_wconf 90' lang='lat' dir='ltr'><strong>hiberna</strong></span> <span class='ocrx_word' id='word_1_122' title='bbox 564 2155 737 2225; x_wconf 74' lang='lat' dir='ltr'><strong>militibus</strong></span> <span class='ocrx_word' id='word_1_123' title='bbox 751 2154 924 2239; x_wconf 91' lang='lat' dir='ltr'><strong>dimissis,</strong></span> <span class='ocrx_word' id='word_1_124' title='bbox 944 2154 1020 2250; x_wconf 88' lang='lat' dir='ltr'><strong>ipse</strong></span> <span class='ocrx_word' id='word_1_125' title='bbox 1041 2159 1193 2227; x_wconf 85' lang='lat' dir='ltr'><strong>Romam</strong></span> <span class='ocrx_word' id='word_1_126' title='bbox 1214 2177 1264 2222; x_wconf 87' lang='lat' dir='ltr'><strong>sa·</strong></span> 
     </span>
     <span class='ocr_line' id='line_1_18' title="bbox 199 2263 1263 2360; baseline 0 -28"><span class='ocrx_word' id='word_1_127' title='bbox 199 2263 322 2334; x_wconf 84' lang='lat' dir='ltr'><strong>orificii</strong></span> <span class='ocrx_word' id='word_1_128' title='bbox 356 2289 462 2336; x_wconf 88' lang='lat' dir='ltr'><strong>causa</strong></span> <span class='ocrx_word' id='word_1_129' title='bbox 497 2265 614 2338; x_wconf 89' lang='lat' dir='ltr'><strong>rediit.</strong></span> <span class='ocrx_word' id='word_1_130' title='bbox 649 2269 799 2336; x_wconf 87' lang='lat' dir='ltr'><strong>Perseus</strong></span> <span class='ocrx_word' id='word_1_131' title='bbox 827 2291 871 2336; x_wconf 86' lang='lat' dir='ltr'><strong>ex</strong></span> <span class='ocrx_word' id='word_1_132' title='bbox 897 2269 1131 2336; x_wconf 86' lang='lat' dir='ltr'><strong>Penestarum</strong></span> <span class='ocrx_word' id='word_1_133' title='bbox 1156 2276 1263 2360; x_wconf 83' lang='lat' dir='ltr'><strong>gente</strong></span> 
     </span>
    </p>
   </div>
   <div class='ocr_carea' id='block_1_3' title="bbox 199 2371 1265 2914">
    <p class='ocr_par' dir='ltr' id='par_1_4' title="bbox 199 2371 1265 2914">
     <span class='ocr_line' id='line_1_19' title="bbox 199 2371 1264 2472; baseline 0.002 -31"><span class='ocrx_word' id='word_1_134' title='bbox 199 2371 296 2444; x_wconf 93' lang='lat' dir='ltr'><strong>mille</strong></span> <span class='ocrx_word' id='word_1_135' title='bbox 326 2375 487 2472; x_wconf 82' lang='lat' dir='ltr'><strong>pedites,</strong></span> <span class='ocrx_word' id='word_1_136' title='bbox 517 2377 692 2446; x_wconf 86' lang='lat' dir='ltr'><strong>ducentos</strong></span> <span class='ocrx_word' id='word_1_137' title='bbox 721 2377 860 2472; x_wconf 85' lang='lat' dir='ltr'><strong>equites</strong></span> <span class='ocrx_word' id='word_1_138' title='bbox 887 2389 1094 2467; x_wconf 87' lang='lat' dir='ltr'><strong>revocatos,</strong></span> <span class='ocrx_word' id='word_1_139' title='bbox 1120 2379 1264 2445; x_wconf 86' lang='lat' dir='ltr'><strong>Cassan-</strong></span> 
     </span>
     <span class='ocr_line' id='line_1_20' title="bbox 199 2483 1263 2581; baseline 0 -29"><span class='ocrx_word' id='word_1_140' title='bbox 199 2483 331 2570; x_wconf 90' lang='lat' dir='ltr'><strong>driam,</strong></span> <span class='ocrx_word' id='word_1_141' title='bbox 354 2486 519 2581; x_wconf 76' lang='lat' dir='ltr'><strong>prasidio</strong></span> <span class='ocrx_word' id='word_1_142' title='bbox 545 2502 587 2557; x_wconf 91' lang='lat' dir='ltr'><strong>ut</strong></span> <span class='ocrx_word' id='word_1_143' title='bbox 611 2502 748 2570; x_wconf 90' lang='lat' dir='ltr'><strong>essent,</strong></span> <span class='ocrx_word' id='word_1_144' title='bbox 773 2487 878 2556; x_wconf 91' lang='lat' dir='ltr'><strong>misit.</strong></span> <span class='ocrx_word' id='word_1_145' title='bbox 905 2484 959 2556; x_wconf 92' lang='lat' dir='ltr'><strong>Ab</strong></span> <span class='ocrx_word' id='word_1_146' title='bbox 982 2487 1114 2557; x_wconf 90' lang='lat' dir='ltr'><strong>Gentio</strong></span> <span class='ocrx_word' id='word_1_147' title='bbox 1138 2483 1263 2555; x_wconf 91' lang='lat' dir='ltr'><strong>eadem</strong></span> 
     </span>
     <span class='ocr_line' id='line_1_21' title="bbox 200 2592 1265 2690; baseline -0.002 -26"><span class='ocrx_word' id='word_1_148' title='bbox 200 2592 414 2667; x_wconf 80' lang='lat' dir='ltr'><strong>afferentes⁵</strong></span> <span class='ocrx_word' id='word_1_149' title='bbox 441 2597 636 2669; x_wconf 90' lang='lat' dir='ltr'><strong>redierunt.</strong></span> <span class='ocrx_word' id='word_1_150' title='bbox 667 2601 741 2669; x_wconf 87' lang='lat' dir='ltr'><strong>Nec</strong></span> <span class='ocrx_word' id='word_1_151' title='bbox 769 2595 900 2666; x_wconf 92' lang='lat' dir='ltr'><strong>deinde</strong></span> <span class='ocrx_word' id='word_1_152' title='bbox 928 2595 1016 2665; x_wconf 89' lang='lat' dir='ltr'><strong>alios</strong></span> <span class='ocrx_word' id='word_1_153' title='bbox 1041 2609 1150 2690; x_wconf 87' lang='lat' dir='ltr'><strong>atque</strong></span> <span class='ocrx_word' id='word_1_154' title='bbox 1176 2594 1265 2666; x_wconf 91' lang='lat' dir='ltr'><strong>alios</strong></span> 
     </span>
     <span class='ocr_line' id='line_1_22' title="bbox 201 2705 1265 2803; baseline 0 -31"><span class='ocrx_word' id='word_1_155' title='bbox 201 2705 376 2776; x_wconf 89' lang='lat' dir='ltr'><strong>mittendo</strong></span> <span class='ocrx_word' id='word_1_156' title='bbox 390 2723 529 2778; x_wconf 89' lang='lat' dir='ltr'><strong>tentare</strong></span> <span class='ocrx_word' id='word_1_157' title='bbox 541 2733 622 2780; x_wconf 89' lang='lat' dir='ltr'><strong>eum</strong></span> <span class='ocrx_word' id='word_1_158' title='bbox 641 2706 792 2803; x_wconf 81' lang='lat' dir='ltr'><strong>destitit,</strong></span> <span class='ocrx_word' id='word_1_159' title='bbox 808 2730 923 2801; x_wconf 91' lang='lat' dir='ltr'><strong>quum</strong></span> <span class='ocrx_word' id='word_1_160' title='bbox 938 2718 1144 2801; x_wconf 85' lang='lat' dir='ltr'><strong>appareret,</strong></span> <span class='ocrx_word' id='word_1_161' title='bbox 1158 2727 1265 2798; x_wconf 89' lang='lat' dir='ltr'><strong>quan·</strong></span> 
     </span>
     <span class='ocr_line' id='line_1_23' title="bbox 200 2810 1264 2914; baseline -0.001 -31"><span class='ocrx_word' id='word_1_162' title='bbox 200 2829 277 2884; x_wconf 90' lang='lat' dir='ltr'><strong>tum</strong></span> <span class='ocrx_word' id='word_1_163' title='bbox 289 2817 326 2885; x_wconf 91' lang='lat' dir='ltr'><strong>in</strong></span> <span class='ocrx_word' id='word_1_164' title='bbox 338 2842 382 2886; x_wconf 91' lang='lat' dir='ltr'><strong>eo</strong></span> <span class='ocrx_word' id='word_1_165' title='bbox 394 2817 548 2914; x_wconf 83' lang='lat' dir='ltr'><strong>praesidii</strong></span> <span class='ocrx_word' id='word_1_166' title='bbox 558 2832 736 2906; x_wconf 88' lang='lat' dir='ltr'><strong>esset,nec</strong></span> <span class='ocrx_word' id='word_1_167' title='bbox 746 2830 865 2886; x_wconf 86' lang='lat' dir='ltr'><strong>tamen</strong></span> <span class='ocrx_word' id='word_1_168' title='bbox 875 2810 1264 2911; x_wconf 79' lang='lat' dir='ltr'><strong>impetrare⁶abanimo</strong></span> 
     </span>
    </p>
   </div>
   <div class='ocr_carea' id='block_1_4' title="bbox 141 3023 1269 4200">
    <p class='ocr_par' dir='ltr' id='par_1_5' title="bbox 141 3023 1265 3403">
     <span class='ocr_line' id='line_1_24' title="bbox 141 3023 1264 3090; baseline -0.002 -17"><span class='ocrx_word' id='word_1_169' title='bbox 141 3027 145 3036; x_wconf 71' lang='grc'>’</span> <span class='ocrx_word' id='word_1_170' title='bbox 202 3043 273 3090; x_wconf 85' lang='lat' dir='ltr'><strong>quem</strong></span> <span class='ocrx_word' id='word_1_171' title='bbox 284 3029 388 3076; x_wconf 72' lang='lat' dir='ltr'><strong>Elaeeorta</strong></span> <span class='ocrx_word' id='word_1_172' title='bbox 398 3042 508 3087; x_wconf 77' lang='lat' dir='ltr'><strong>vocant,</strong></span> <span class='ocrx_word' id='word_1_173' title='bbox 522 3029 585 3076; x_wconf 83' lang='lat' dir='ltr'><strong>forte</strong></span> <span class='ocrx_word' id='word_1_174' title='bbox 599 3028 708 3075; x_wconf 85' lang='lat' dir='ltr'><strong>vicinum</strong></span> <span class='ocrx_word' id='word_1_175' title='bbox 756 3028 818 3074; x_wconf 79' lang='lat' dir='ltr'><strong>tibus</strong></span> <span class='ocrx_word' id='word_1_176' title='bbox 829 3025 1023 3082; x_wconf 79' lang='lat' dir='ltr'><strong>dimissis,lorte</strong></span> <span class='ocrx_word' id='word_1_177' title='bbox 1033 3023 1130 3080; x_wconf 82' lang='lat' dir='ltr'><strong>divisis,</strong></span> <span class='ocrx_word' id='word_1_178' title='bbox 1144 3023 1200 3088; x_wconf 78' lang='lat' dir='ltr'><strong>quit</strong></span> <span class='ocrx_word' id='word_1_179' title='bbox 1212 3039 1264 3073; x_wconf 85' lang='lat' dir='ltr'><strong>mu-</strong></span> 
     </span>
     <span class='ocr_line' id='line_1_25' title="bbox 200 3103 1259 3173; baseline -0.007 -19"><span class='ocrx_word' id='word_1_180' title='bbox 200 3107 256 3154; x_wconf 88' lang='lat' dir='ltr'><strong>urbi</strong></span> <span class='ocrx_word' id='word_1_181' title='bbox 278 3109 396 3169; x_wconf 81' lang='lat' dir='ltr'><strong>Elaeunti,</strong></span> <span class='ocrx_word' id='word_1_182' title='bbox 415 3125 488 3173; x_wconf 82' lang='lat' dir='ltr'><strong>qnam</strong></span> <span class='ocrx_word' id='word_1_183' title='bbox 510 3109 574 3156; x_wconf 91' lang='lat' dir='ltr'><strong>Ptol.</strong></span> <span class='ocrx_word' id='word_1_184' title='bbox 597 3111 708 3166; x_wconf 71' lang='lat'><strong>111‚14,</strong></span> <span class='ocrx_word' id='word_1_185' title='bbox 756 3106 790 3153; x_wconf 90' lang='lat' dir='ltr'><strong>do</strong></span> <span class='ocrx_word' id='word_1_186' title='bbox 798 3103 1035 3170; x_wconf 82' lang='lat' dir='ltr'><strong>praecessitdimissis</strong></span> <span class='ocrx_word' id='word_1_187' title='bbox 1049 3103 1259 3166; x_wconf 76' lang='lat' dir='ltr'><strong>Chaonumque...</strong></span> 
     </span>
     <span class='ocr_line' id='line_1_26' title="bbox 201 3183 1265 3252; baseline -0.005 -19"><span class='ocrx_word' id='word_1_188' title='bbox 201 3188 265 3234; x_wconf 88' lang='lat' dir='ltr'><strong>inter</strong></span> <span class='ocrx_word' id='word_1_189' title='bbox 281 3188 467 3236; x_wconf 86' lang='lat' dir='ltr'><strong>mediterraneas</strong></span> <span class='ocrx_word' id='word_1_190' title='bbox 486 3189 552 3252; x_wconf 86' lang='lat' dir='ltr'><strong>Epiri</strong></span> <span class='ocrx_word' id='word_1_191' title='bbox 573 3197 707 3248; x_wconf 83' lang='lat' dir='ltr'><strong>memorat;</strong></span> <span class='ocrx_word' id='word_1_192' title='bbox 752 3185 961 3250; x_wconf 47' lang='lat' dir='ltr'><strong>presidia-Ant.</strong></span> <span class='ocrx_word' id='word_1_193' title='bbox 976 3192 1000 3231; x_wconf 87' lang='lat' dir='ltr'><strong>et</strong></span> <span class='ocrx_word' id='word_1_194' title='bbox 1013 3185 1066 3232; x_wconf 86' lang='lat' dir='ltr'><strong>Jac.</strong></span> <span class='ocrx_word' id='word_1_195' title='bbox 1085 3183 1265 3230; x_wconf 75' lang='lat' dir='ltr'><strong>Periz.-ho·</strong></span> 
     </span>
     <span class='ocr_line' id='line_1_27' title="bbox 201 3261 1265 3334; baseline -0.002 -24"><span class='ocrx_word' id='word_1_196' title='bbox 201 3265 266 3313; x_wconf 88' lang='lat' dir='ltr'><strong>unde</strong></span> <span class='ocrx_word' id='word_1_197' title='bbox 291 3267 395 3316; x_wconf 82' lang='lat' dir='ltr'><strong>Elceona</strong></span> <span class='ocrx_word' id='word_1_198' title='bbox 416 3269 503 3331; x_wconf 83' lang='lat' dir='ltr'><strong>scripsi</strong></span> <span class='ocrx_word' id='word_1_199' title='bbox 527 3283 574 3334; x_wconf 83' lang='lat' dir='ltr'><strong>pro</strong></span> <span class='ocrx_word' id='word_1_200' title='bbox 596 3267 709 3322; x_wconf 64' lang='lat' dir='ltr'><strong>Eteonos</strong></span> <span class='ocrx_word' id='word_1_201' title='bbox 757 3264 952 3326; x_wconf 81' lang='lat' dir='ltr'><strong>mamsacrilicii</strong></span> <span class='ocrx_word' id='word_1_202' title='bbox 966 3279 1042 3310; x_wconf 86' lang='lat' dir='ltr'><strong>causa</strong></span> <span class='ocrx_word' id='word_1_203' title='bbox 1061 3262 1149 3319; x_wconf 76' lang='lat' dir='ltr'><strong>rediit5</strong></span> <span class='ocrx_word' id='word_1_204' title='bbox 1163 3261 1218 3308; x_wconf 87' lang='lat' dir='ltr'><strong>vide</strong></span> <span class='ocrx_word' id='word_1_205' title='bbox 1232 3261 1265 3308; x_wconf 83' lang='lat' dir='ltr'><strong>ad</strong></span> 
     </span>
     <span class='ocr_line' id='line_1_28' title="bbox 202 3345 915 3403; baseline 0.003 -12"><span class='ocrx_word' id='word_1_206' title='bbox 202 3345 324 3394; x_wconf 81' lang='lat' dir='ltr'><strong>Drakenb.</strong></span> <span class='ocrx_word' id='word_1_207' title='bbox 757 3346 802 3403; x_wconf 85' lang='lat' dir='ltr'><strong>IV,</strong></span> <span class='ocrx_word' id='word_1_208' title='bbox 814 3361 842 3402; x_wconf 86' lang='lat'><strong>2,</strong></span> <span class='ocrx_word' id='word_1_209' title='bbox 852 3361 877 3393; x_wconf 89' lang='lat' dir='ltr'><strong>n.</strong></span> <span class='ocrx_word' id='word_1_210' title='bbox 890 3347 915 3393; x_wconf 87' lang='grc'><strong>6.</strong></span> 
     </span>
    </p>

    <p class='ocr_par' dir='ltr' id='par_1_6' title="bbox 200 3418 1268 3962">
     <span class='ocr_line' id='line_1_29' title="bbox 239 3418 1262 3490; baseline -0.004 -20"><span class='ocrx_word' id='word_1_211' title='bbox 239 3425 262 3471; x_wconf 83' lang='grc'><strong>3,</strong></span> <span class='ocrx_word' id='word_1_212' title='bbox 290 3423 451 3482; x_wconf 78' lang='lat' dir='ltr'><strong>Philostrato,</strong></span> <span class='ocrx_word' id='word_1_213' title='bbox 482 3425 526 3490; x_wconf 84' lang='lat' dir='ltr'><strong>qui</strong></span> <span class='ocrx_word' id='word_1_214' title='bbox 553 3425 711 3489; x_wconf 80' lang='lat' dir='ltr'><strong>Epirotarum</strong></span> <span class='ocrx_word' id='word_1_215' title='bbox 791 3424 815 3472; x_wconf 83' lang='lat'><strong>5.</strong></span> <span class='ocrx_word' id='word_1_216' title='bbox 838 3425 877 3471; x_wconf 79' lang='lat' dir='ltr'><strong>Ab</strong></span> <span class='ocrx_word' id='word_1_217' title='bbox 900 3422 987 3470; x_wconf 84' lang='lat' dir='ltr'><strong>Gentio</strong></span> <span class='ocrx_word' id='word_1_218' title='bbox 1011 3421 1096 3468; x_wconf 81' lang='lat' dir='ltr'><strong>eadem</strong></span> <span class='ocrx_word' id='word_1_219' title='bbox 1116 3418 1262 3485; x_wconf 79' lang='lat' dir='ltr'><strong>asserentes,</strong></span> 
     </span>
     <span class='ocr_line' id='line_1_30' title="bbox 200 3503 1060 3572; baseline 0 -24"><span class='ocrx_word' id='word_1_220' title='bbox 200 3513 295 3566; x_wconf 78' lang='lat' dir='ltr'><strong>gentem</strong></span> <span class='ocrx_word' id='word_1_221' title='bbox 315 3503 420 3550; x_wconf 80' lang='lat' dir='ltr'><strong>hahebat</strong></span> <span class='ocrx_word' id='word_1_222' title='bbox 441 3505 467 3551; x_wconf 86' lang='lat' dir='ltr'><strong>in</strong></span> <span class='ocrx_word' id='word_1_223' title='bbox 484 3506 626 3572; x_wconf 76' lang='lat' dir='ltr'><strong>potestate?</strong></span> <span class='ocrx_word' id='word_1_224' title='bbox 646 3519 711 3566; x_wconf 85' lang='lat' dir='ltr'><strong>rege·</strong></span> <span class='ocrx_word' id='word_1_225' title='bbox 755 3516 801 3552; x_wconf 87' lang='lat' dir='ltr'><strong>etc.</strong></span> <span class='ocrx_word' id='word_1_226' title='bbox 814 3504 881 3550; x_wconf 84' lang='lat' dir='ltr'><strong>conf.</strong></span> <span class='ocrx_word' id='word_1_227' title='bbox 895 3519 947 3566; x_wconf 87' lang='lat' dir='ltr'><strong>eap.</strong></span> <span class='ocrx_word' id='word_1_228' title='bbox 962 3517 993 3564; x_wconf 86' lang='lat'><strong>19</strong></span> <span class='ocrx_word' id='word_1_229' title='bbox 1002 3537 1009 3560; x_wconf 97' lang='lat'><strong>,</strong></span> <span class='ocrx_word' id='word_1_230' title='bbox 1019 3517 1060 3548; x_wconf 84' lang='lat'><strong>20.</strong></span> 
     </span>
     <span class='ocr_line' id='line_1_31' title="bbox 203 3577 1268 3648; baseline -0.008 -17"><span class='ocrx_word' id='word_1_231' title='bbox 203 3581 263 3631; x_wconf 81' lang='lat' dir='ltr'><strong>bat?</strong></span> <span class='ocrx_word' id='word_1_232' title='bbox 282 3583 329 3630; x_wconf 91' lang='lat' dir='ltr'><strong>Sed</strong></span> <span class='ocrx_word' id='word_1_233' title='bbox 342 3599 401 3648; x_wconf 77' lang='lat' dir='ltr'><strong>gens</strong></span> <span class='ocrx_word' id='word_1_234' title='bbox 420 3583 579 3647; x_wconf 82' lang='lat' dir='ltr'><strong>Epirotarum</strong></span> <span class='ocrx_word' id='word_1_235' title='bbox 594 3585 620 3631; x_wconf 87' lang='lat' dir='ltr'><strong>iu</strong></span> <span class='ocrx_word' id='word_1_236' title='bbox 639 3599 711 3630; x_wconf 84' lang='lat' dir='ltr'><strong>unam</strong></span> <span class='ocrx_word' id='word_1_237' title='bbox 792 3583 816 3630; x_wconf 90' lang='lat'><strong>6.</strong></span> <span class='ocrx_word' id='word_1_238' title='bbox 833 3583 885 3629; x_wconf 86' lang='lat' dir='ltr'><strong>Nec</strong></span> <span class='ocrx_word' id='word_1_239' title='bbox 899 3593 981 3628; x_wconf 83' lang='lat' dir='ltr'><strong>tamen</strong></span> <span class='ocrx_word' id='word_1_240' title='bbox 993 3580 1121 3644; x_wconf 78' lang='lat' dir='ltr'><strong>impetrare</strong></span> <span class='ocrx_word' id='word_1_241' title='bbox 1137 3578 1169 3624; x_wconf 81' lang='lat' dir='ltr'><strong>ab</strong></span> <span class='ocrx_word' id='word_1_242' title='bbox 1181 3577 1268 3624; x_wconf 83' lang='lat' dir='ltr'><strong>anima</strong></span> 
     </span>
     <span class='ocr_line' id='line_1_32' title="bbox 202 3655 1264 3726; baseline -0.004 -21"><span class='ocrx_word' id='word_1_243' title='bbox 202 3660 324 3708; x_wconf 83' lang='lat' dir='ltr'><strong>cohortem</strong></span> <span class='ocrx_word' id='word_1_244' title='bbox 344 3663 467 3709; x_wconf 87' lang='lat' dir='ltr'><strong>contribui</strong></span> <span class='ocrx_word' id='word_1_245' title='bbox 485 3679 537 3710; x_wconf 85' lang='lat' dir='ltr'><strong>non</strong></span> <span class='ocrx_word' id='word_1_246' title='bbox 557 3673 667 3726; x_wconf 86' lang='lat' dir='ltr'><strong>poterat,</strong></span> <span class='ocrx_word' id='word_1_247' title='bbox 687 3673 712 3708; x_wconf 90' lang='lat' dir='ltr'><strong>et</strong></span> <span class='ocrx_word' id='word_1_248' title='bbox 750 3672 834 3725; x_wconf 84' lang='lat' dir='ltr'><strong>posset</strong></span> <span class='ocrx_word' id='word_1_249' title='bbox 842 3676 886 3706; x_wconf 88' lang='lat' dir='ltr'><strong>suo</strong></span> <span class='ocrx_word' id='word_1_250' title='bbox 896 3660 987 3723; x_wconf 85' lang='lat' dir='ltr'><strong>pusillo</strong></span> <span class='ocrx_word' id='word_1_251' title='bbox 999 3670 1023 3707; x_wconf 91' lang='lat' dir='ltr'><strong>et</strong></span> <span class='ocrx_word' id='word_1_252' title='bbox 1033 3668 1175 3718; x_wconf 81' lang='lat' dir='ltr'><strong>contrsoto,</strong></span> <span class='ocrx_word' id='word_1_253' title='bbox 1185 3655 1208 3703; x_wconf 82' lang='lat' dir='ltr'><strong>lt.</strong></span> <span class='ocrx_word' id='word_1_254' title='bbox 1219 3673 1241 3702; x_wconf 89' lang='lat' dir='ltr'><strong>e.</strong></span> <span class='ocrx_word' id='word_1_255' title='bbox 1250 3673 1264 3702; x_wconf 90' lang='lat' dir='ltr'><strong>a</strong></span> 
     </span>
     <span class='ocr_line' id='line_1_33' title="bbox 203 3734 1268 3806; baseline -0.005 -21"><span class='ocrx_word' id='word_1_256' title='bbox 203 3740 265 3788; x_wconf 82' lang='lat' dir='ltr'><strong>forte</strong></span> <span class='ocrx_word' id='word_1_257' title='bbox 294 3741 341 3804; x_wconf 83' lang='lat' dir='ltr'><strong>leg.</strong></span> <span class='ocrx_word' id='word_1_258' title='bbox 370 3742 528 3804; x_wconf 81' lang='lat' dir='ltr'><strong>Epirotarum</strong></span> <span class='ocrx_word' id='word_1_259' title='bbox 554 3741 711 3806; x_wconf 79' lang='lat' dir='ltr'><strong>trartsfugas;</strong></span> <span class='ocrx_word' id='word_1_260' title='bbox 754 3756 779 3786; x_wconf 85' lang='lat' dir='ltr'><strong>se</strong></span> <span class='ocrx_word' id='word_1_261' title='bbox 796 3740 851 3802; x_wconf 78' lang='lat' dir='ltr'><strong>Ipso</strong></span> <span class='ocrx_word' id='word_1_262' title='bbox 870 3738 1107 3802; x_wconf 86' lang='lat' dir='ltr'><strong>propteringentem</strong></span> <span class='ocrx_word' id='word_1_263' title='bbox 1125 3734 1268 3794; x_wconf 71' lang='lat' dir='ltr'><strong>arentiam,</strong></span> 
     </span>
     <span class='ocr_line' id='line_1_34' title="bbox 203 3814 1265 3885; baseline -0.004 -19"><span class='ocrx_word' id='word_1_264' title='bbox 203 3819 274 3868; x_wconf 84' lang='lat' dir='ltr'><strong>Crer.</strong></span> <span class='ocrx_word' id='word_1_265' title='bbox 287 3820 325 3868; x_wconf 85' lang='lat' dir='ltr'><strong>Cl.</strong></span> <span class='ocrx_word' id='word_1_266' title='bbox 340 3836 394 3885; x_wconf 83' lang='lat' dir='ltr'><strong>cap.</strong></span> <span class='ocrx_word' id='word_1_267' title='bbox 408 3836 439 3866; x_wconf 83' lang='lat'><strong>22</strong></span> <span class='ocrx_word' id='word_1_268' title='bbox 448 3858 458 3882; x_wconf 86' lang='lat'><strong>,</strong></span> <span class='ocrx_word' id='word_1_269' title='bbox 468 3837 493 3867; x_wconf 92' lang='lat' dir='ltr'><strong>n.</strong></span> <span class='ocrx_word' id='word_1_270' title='bbox 510 3829 534 3874; x_wconf 73' lang='lat'><strong>4.</strong></span> <span class='ocrx_word' id='word_1_271' title='bbox 548 3820 615 3868; x_wconf 87' lang='lat' dir='ltr'><strong>Idem</strong></span> <span class='ocrx_word' id='word_1_272' title='bbox 627 3819 710 3866; x_wconf 90' lang='lat' dir='ltr'><strong>Philo·</strong></span> <span class='ocrx_word' id='word_1_273' title='bbox 756 3831 782 3866; x_wconf 90' lang='lat' dir='ltr'><strong>ut</strong></span> <span class='ocrx_word' id='word_1_274' title='bbox 795 3818 900 3875; x_wconf 84' lang='lat' dir='ltr'><strong>Gentio,</strong></span> <span class='ocrx_word' id='word_1_275' title='bbox 912 3818 954 3881; x_wconf 91' lang='lat' dir='ltr'><strong>qui</strong></span> <span class='ocrx_word' id='word_1_276' title='bbox 965 3817 1093 3882; x_wconf 84' lang='lat' dir='ltr'><strong>pecuniam</strong></span> <span class='ocrx_word' id='word_1_277' title='bbox 1103 3814 1153 3861; x_wconf 88' lang='lat' dir='ltr'><strong>sibi</strong></span> <span class='ocrx_word' id='word_1_278' title='bbox 1161 3815 1265 3862; x_wconf 82' lang='lat' dir='ltr'><strong>maxime</strong></span> 
     </span>
     <span class='ocr_line' id='line_1_35' title="bbox 203 3891 1266 3962; baseline -0.003 -17"><span class='ocrx_word' id='word_1_279' title='bbox 203 3909 290 3946; x_wconf 87' lang='lat' dir='ltr'><strong>stratus</strong></span> <span class='ocrx_word' id='word_1_280' title='bbox 300 3910 445 3947; x_wconf 84' lang='lat' dir='ltr'><strong>memoratur</strong></span> <span class='ocrx_word' id='word_1_281' title='bbox 454 3898 541 3962; x_wconf 82' lang='lat' dir='ltr'><strong>Polyb.</strong></span> <span class='ocrx_word' id='word_1_282' title='bbox 552 3901 659 3956; x_wconf 78' lang='lat' dir='ltr'><strong>xxvu,</strong></span> <span class='ocrx_word' id='word_1_283' title='bbox 670 3907 710 3954; x_wconf 73' lang='lat' dir='ltr'><strong>rt.</strong></span> <span class='ocrx_word' id='word_1_284' title='bbox 732 3936 734 3944; x_wconf 75' lang='lat'><strong>.</strong></span> <span class='ocrx_word' id='word_1_285' title='bbox 755 3897 837 3944; x_wconf 86' lang='lat' dir='ltr'><strong>deesse</strong></span> <span class='ocrx_word' id='word_1_286' title='bbox 852 3897 946 3943; x_wconf 83' lang='lat' dir='ltr'><strong>dixerat</strong></span> <span class='ocrx_word' id='word_1_287' title='bbox 956 3891 1016 3959; x_wconf 80' lang='lat' dir='ltr'><strong>(vid.</strong></span> <span class='ocrx_word' id='word_1_288' title='bbox 1029 3911 1082 3958; x_wconf 84' lang='lat' dir='ltr'><strong>cap.</strong></span> <span class='ocrx_word' id='word_1_289' title='bbox 1093 3892 1151 3958; x_wconf 79' lang='lat' dir='ltr'><strong>ao),</strong></span> <span class='ocrx_word' id='word_1_290' title='bbox 1163 3893 1230 3940; x_wconf 88' lang='lat' dir='ltr'><strong>daret</strong></span> <span class='ocrx_word' id='word_1_291' title='bbox 1238 3893 1266 3942; x_wconf 82' lang='lat' dir='ltr'><strong>in</strong></span> 
     </span>
    </p>

    <p class='ocr_par' dir='ltr' id='par_1_7' title="bbox 202 3973 1269 4200">
     <span class='ocr_line' id='line_1_36' title="bbox 240 3973 1265 4040; baseline -0.003 -17"><span class='ocrx_word' id='word_1_292' title='bbox 240 3985 262 4031; x_wconf 74' lang='grc'><strong>4.</strong></span> <span class='ocrx_word' id='word_1_293' title='bbox 277 3979 325 4024; x_wconf 82' lang='lat' dir='ltr'><strong>Per</strong></span> <span class='ocrx_word' id='word_1_294' title='bbox 348 3977 521 4025; x_wconf 77' lang='lat' dir='ltr'><strong>Parthinorum</strong></span> <span class='ocrx_word' id='word_1_295' title='bbox 542 3977 610 4023; x_wconf 86' lang='lat' dir='ltr'><strong>urbes</strong></span> <span class='ocrx_word' id='word_1_296' title='bbox 632 3978 711 4024; x_wconf 85' lang='lat' dir='ltr'><strong>socias</strong></span> <span class='ocrx_word' id='word_1_297' title='bbox 755 3988 877 4040; x_wconf 86' lang='lat' dir='ltr'><strong>sumptum</strong></span> <span class='ocrx_word' id='word_1_298' title='bbox 900 3975 971 4022; x_wconf 88' lang='lat' dir='ltr'><strong>belli:</strong></span> <span class='ocrx_word' id='word_1_299' title='bbox 995 3991 1045 4036; x_wconf 91' lang='lat' dir='ltr'><strong>quo</strong></span> <span class='ocrx_word' id='word_1_300' title='bbox 1068 3991 1139 4022; x_wconf 87' lang='lat' dir='ltr'><strong>sensu</strong></span> <span class='ocrx_word' id='word_1_301' title='bbox 1160 3973 1265 4021; x_wconf 84' lang='lat' dir='ltr'><strong>dicimur</strong></span> 
     </span>
     <span class='ocr_line' id='line_1_37' title="bbox 202 4054 1269 4119; baseline -0.004 -14"><span class='ocrx_word' id='word_1_302' title='bbox 202 4059 382 4114; x_wconf 67' lang='lat' dir='ltr'><strong>Romanorum</strong></span> <span class='ocrx_word' id='word_1_303' title='bbox 396 4057 445 4104; x_wconf 91' lang='lat' dir='ltr'><strong>vid.</strong></span> <span class='ocrx_word' id='word_1_304' title='bbox 456 4058 557 4104; x_wconf 86' lang='lat' dir='ltr'><strong>Palmer.</strong></span> <span class='ocrx_word' id='word_1_305' title='bbox 567 4058 643 4102; x_wconf 86' lang='lat' dir='ltr'><strong>Graec.</strong></span> <span class='ocrx_word' id='word_1_306' title='bbox 652 4060 710 4105; x_wconf 84' lang='lat' dir='ltr'><strong>Ant.</strong></span> <span class='ocrx_word' id='word_1_307' title='bbox 756 4058 827 4104; x_wconf 85' lang='lat' dir='ltr'><strong>etiam</strong></span> <span class='ocrx_word' id='word_1_308' title='bbox 841 4071 945 4119; x_wconf 81' lang='lat' dir='ltr'><strong>parcere</strong></span> <span class='ocrx_word' id='word_1_309' title='bbox 962 4057 1059 4110; x_wconf 84' lang='lat' dir='ltr'><strong>animo,</strong></span> <span class='ocrx_word' id='word_1_310' title='bbox 1079 4070 1154 4117; x_wconf 87' lang='lat' dir='ltr'><strong>quum</strong></span> <span class='ocrx_word' id='word_1_311' title='bbox 1170 4054 1269 4102; x_wconf 76' lang='lat' dir='ltr'><strong>frenum.</strong></span> 
     </span>
     <span class='ocr_line' id='line_1_38' title="bbox 205 4133 1265 4200; baseline -0.002 -18"><span class='ocrx_word' id='word_1_312' title='bbox 205 4137 228 4191; x_wconf 74' lang='grc' dir='ltr'><strong>Ι,</strong></span> <span class='ocrx_word' id='word_1_313' title='bbox 240 4137 270 4190; x_wconf 76' lang='lat'><strong>34</strong></span> <span class='ocrx_word' id='word_1_314' title='bbox 281 4169 287 4192; x_wconf 92' lang='lat'><strong>,</strong></span> <span class='ocrx_word' id='word_1_315' title='bbox 300 4151 356 4199; x_wconf 82' lang='lat' dir='ltr'><strong>pag.</strong></span> <span class='ocrx_word' id='word_1_316' title='bbox 374 4137 428 4185; x_wconf 73' lang='lat'><strong>182.</strong></span> <span class='ocrx_word' id='word_1_317' title='bbox 441 4163 474 4172; x_wconf 78' lang='lat'><strong>-</strong></span> <span class='ocrx_word' id='word_1_318' title='bbox 491 4139 520 4184; x_wconf 85' lang='lat' dir='ltr'><strong>Irt</strong></span> <span class='ocrx_word' id='word_1_319' title='bbox 536 4134 636 4182; x_wconf 80' lang='lat' dir='ltr'><strong>hiberna</strong></span> <span class='ocrx_word' id='word_1_320' title='bbox 649 4136 711 4184; x_wconf 86' lang='lat' dir='ltr'><strong>mili·</strong></span> <span class='ocrx_word' id='word_1_321' title='bbox 756 4135 863 4184; x_wconf 80' lang='lat' dir='ltr'><strong>laxamus</strong></span> <span class='ocrx_word' id='word_1_322' title='bbox 875 4134 988 4193; x_wconf 74' lang='lat' dir='ltr'><strong>,vincere</strong></span> <span class='ocrx_word' id='word_1_323' title='bbox 1001 4133 1108 4182; x_wconf 83' lang='lat' dir='ltr'><strong>artimum</strong></span> <span class='ocrx_word' id='word_1_324' title='bbox 1115 4169 1124 4191; x_wconf 88' lang='lat'><em>‚</em></span> <span class='ocrx_word' id='word_1_325' title='bbox 1140 4149 1216 4200; x_wconf 83' lang='lat' dir='ltr'><strong>quum</strong></span> <span class='ocrx_word' id='word_1_326' title='bbox 1228 4149 1265 4185; x_wconf 80' lang='lat' dir='ltr'><strong>re·</strong></span> 
     </span>
    </p>
   </div>
   <div class='ocr_carea' id='block_1_5' title="bbox 0 0 1507 4702">
    <p class='ocr_par' dir='ltr' id='par_1_8' title="bbox 0 0 1507 4702">
     <span class='ocr_line' id='line_1_39' title="bbox 0 0 1507 4702; baseline 0 0"><span class='ocrx_word' id='word_1_327' title='bbox 0 0 1507 4702; x_wconf 95' lang='lat' dir='ltr'><strong> </strong></span> 
     </span>
    </p>
   </div>
  </div>
 </body>
</html>
