2984 4706
195 379 199 392 ὅ
209 398 232 434 Α,
241 394 271 434 Ὁ.
287 395 330 446 ¹69.

208 455 232 494 U.
243 455 267 495 G.
282 457 329 496 ⁵⁸3.

431 419 579 486 LIBER
611 419 749 487 XLIV.
777 410 880 489 cur.
908 423 988 489 XV.
1174 443 1236 517 ¹97

182 535 276 605 oi0s¹
293 535 428 612 liberos.
439 560 514 607 esse
525 537 670 632 juberet
681 539 839 636 populus
850 565 1035 628 romanus,
1049 542 1239 640 literaeque

182 646 363 744 extemplo
390 645 440 716 ad.
463 660 665 743 utramque·
681 664 822 744 gentem
840 649 858 679 *
884 652 1015 721 scirent
1043 650 1239 722 indicatum

181 745 273 828 mini
291 783 298 824 τ
317 781 388 853 qua
406 755 524 826 audita
542 781 598 841 re,
618 758 817 854 principem
834 759 1033 855 legationiS,
1052 761 1154 853 eujus
1168 784 1240 830 rua-

181 865 464 963 gniloquentiam
476 867 535 936 vix
549 869 645 937 curia
660 869 867 964 pauloeute
882 885 1033 966 ceperat,
1051 871 1237 941 corruisse.

181 975 255 1049 Alit
269 1000 481 1074 responsum
508 1000 583 1046 esse
609 975 774 1064 tradunt,
794 978 975 1075 Populum
996 1005 1185 1054 romanum
1207 998 1243 1053 et

176 1092 355 1186 princtpio
380 1087 484 1181 iutjue
508 1086 592 1157 belli
610 1088 715 1159 haud
731 1095 837 1166 nunu
860 1087 1060 1160 ductoribus
1080 1116 1240 1189 comper·

181 1213 257 1267 tum
281 1196 467 1281 babuisse,
501 1197 660 1272 Rhodios
688 1223 776 1268 cum-
799 1204 930 1268 Perseo
961 1224 1044 1295 rege
1072 1202 1240 1273 aduersus
1306 1238 1309 1246 ·

181 1306 438 1403 rempublicam
462 1332 573 1378 suramv
593 1307 735 1378 occultu.
754 1307 906 1378 coneilio
931 1316 1057 1396 a'nitse;
1075 1326 1128 1397 et,
1151 1318 1184 1380 si
1203 1313 1243 1381 id

181 1433 266 1488 ante
284 1417 434 1488 dubium
441 1419 592 1507 futeset,
617 1417 814 1513 legatorum
825 1418 943 1515 paulo
959 1437 1044 1490 unte
1057 1421 1171 1492 verba
1190 1425 1243 1492 ad

181 1542 315 1597 certum
335 1527 552 1624 redegisse²‚·
576 1542 616 1596 et
628 1526 843 1625 plerumque
860 1535 976 1624 ipsam
994 1553 1032 1600 se
1039 1531 1238 1620 fraudem,

181 1641 323 1706 etiamsi
338 1642 436 1708 initio
455 1640 728 1727 eautt'orsuerit,
747 1638 918 1732 detegere.
938 1639 1098 1711 Rhodios
1114 1649 1245 1712 nuntio

182 1752 219 1816 in
240 1746 324 1817 orbe
342 1763 517 1818 terrarum
536 1747 686 1817 arbitria
705 1747 789 1818 belli
794 1753 972 1844 puct’sque
987 1772 1093 1844 ogere
1102 1743 1127 1817 32
1145 1755 1240 1820 Deo-

182 1883 261 1927 rum
293 1870 384 1928 nutu
417 1845 520 1926 arma
548 1873 750 1954 sumpturos
774 1862 1026 1955 positurosque
1056 1864 1242 1930 Idomanor

182 1993 267 2039 esse.
288 1973 370 2038 Ja‘m
389 1992 462 2038 non
480 1967 565 2038 deos
569 1965 755 2060 foederum
775 1985 893 2055 tester,
914 1970 981 2039 sed
993 1969 1152 2065 Rhodios
1170 1971 1238 2041 laa=
1261 1965 1262 1970 ¹

217 2183 275 2231 Car.
286 2183 342 2232 XV.
362 2197 384 2230 r.
398 2183 472 2231 Caras
489 2194 513 2230 et
526 2181 626 2244 Lycios,
643 2186 686 2246 qni
729 2193 845 2230 terrarum
860 2183 946 2239 mireo,
968 2183 1037 2232 Creu.
1056 2182 1112 2232 coll.
1125 2183 1177 2232 Cic.
1189 2184 1236 2248 leg.

182 2261 285 2310 Rhodiis
295 2261 353 2310 olirn
363 2277 377 2309 a
387 2262 503 2310 Romania
513 2260 623 2310 attributi
634 2262 685 2308 sne·

183 2351 236 2388 rant
248 2341 313 2404 etab
326 2341 355 2388 iis
368 2340 498 2388 crudeliter
511 2340 595 2388 habiti.
613 2341 685 2388 Conf.

144 2475 147 2482 ¹
183 2421 213 2468 ad
229 2421 370 2478 XXXVII,
390 2420 438 2477 55,
463 2420 512 2478 563
531 2421 686 2477 XXXVIII,

183 2501 233 2560 393
246 2500 511 2558 XLI,6,25;XLII,
527 2507 568 2554 al.
581 2499 685 2556 sctum,

157 2599 167 2610 ν
182 2593 232 2640 qno
244 2577 341 2625 libertas
358 2578 388 2625 iis
401 2592 528 2632 concessa,
542 2578 617 2626 aerina
636 2579 686 2626 edi·

183 2649 242 2705 tnm'
254 2656 328 2703 tradit
347 2656 435 2720 Polyb.
457 2659 548 2716 XXX,
566 2657 595 2713 5,
608 2657 624 2722 S
638 2674 667 2705 12
679 2675 694 2715 ς.

182 2737 247 2784 conf.
260 2736 305 2782 ius.
320 2738 397 2794 XLV,
413 2751 444 2784 aa
461 2747 486 2784 et
501 2736 543 2784 25.
557 2738 621 2784 Idex
630 2747 686 2784 ante

182 2813 270 2862 seirent
294 2814 385 2863 excidit
407 2826 452 2870 ut,
471 2814 553 2874 judice
577 2815 685 2880 sigonio.

182 2893 266 2942 Potius
280 2905 306 2940 ut
320 2892 408 2940 Rhodii
417 2893 506 2940 seirent
517 2893 650 2941 iudicatum
660 2893 686 2940 id

182 2973 212 3019 iie
222 2988 272 3020 esse
281 2988 290 3030 ς
300 2973 360 3020 sorte
369 2982 394 3020 et
403 2987 448 3037 pro
460 2971 524 3018 mitti
531 2971 577 3034 leg.
587 2971 684 3028 missas,

182 3052 235 3100 scil.
245 3067 297 3099 esee
305 3051 419 3100 Claudius
430 3061 516 3098 auctor
527 3061 571 3098 est.
584 3049 631 3098 Sed
642 3067 686 3097 ne·

182 3147 230 3194 qne
242 3131 294 3178 hac
306 3131 362 3180 satia
372 3129 508 3195 probabilia
523 3141 593 3188 eunt,
610 3145 687 3192 neque

183 3211 322 3271 coniectura
333 3209 430 3258 Crever.
438 3220 462 3256 et
472 3207 546 3255 Drak.
555 3208 591 3254 ad
599 3224 623 3254 u.
633 3223 688 3272 geu-

184 3300 231 3336 tem
248 3300 271 3335 et
289 3288 519 3336 senatusconsultum
532 3287 570 3334 vel
580 3297 687 3332 senatus-

184 3383 231 3431 que
243 3367 377 3415 consultum
392 3366 462 3415 mitti.
472 3393 507 3402 -
516 3369 563 3414 Pro
583 3364 684 3421 scirent,

183 3446 336 3496 scribendum
350 3447 465 3510 Doering.
484 3445 619 3510 enepieatnr
629 3445 687 3507 pla-

729 2263 796 2309 Man.
813 2262 838 2318 5,
852 2261 968 2308 mandato
978 2262 1010 2309 ad
1022 2262 1129 2325 populos
1146 2259 1235 2312 bellum

729 2351 837 2406 gerentes
848 2341 933 2400 mise03
945 2340 1051 2390 Scheller
1060 2342 1085 2387 in
1097 2343 1154 2388 Lex.
1168 2342 1235 2389 Idem

729 2421 794 2480 conj.
808 2420 933 2482 nuucjam
943 2438 953 2476 ;
965 2420 1041 2468 Peria.
1055 2432 1078 2467 et
1090 2423 1146 2468 Ern.
1157 2437 1235 2474 nune,-

730 2501 807 2547 Gron.
817 2498 919 2554 nuntiis,
932 2510 960 2546 nt
970 2499 1002 2546 ita
1013 2515 1058 2561 per
1069 2510 1235 2562 contemptum

729 2577 881 2642 appellentur
893 2577 972 2640 legati.
993 2579 1027 2624 At
1045 2577 1118 2624 Dralr.
1136 2578 1237 2641 putabat

729 2657 802 2704 rideri
819 2654 990 2704 confidentiam
1006 2656 1176 2712 Rhodiorum,
1194 2660 1236 2720 qui

729 2736 776 2783 eibi
788 2734 932 2800 persuadere
942 2737 1052 2798 poeeInt,
1067 2751 1092 2782 se
1102 2735 1187 2782 nuntio
1199 2738 1237 2784 vel

730 2814 818 2862 nuntiis
836 2797 1021 2877 impeiratnroe,
1041 2813 1108 2877 quod
1125 2811 1237 2864 exerciti·

729 2894 774 2942 bne
782 2892 942 2940 obtinendum
951 2892 1021 2939 foret.
1030 2893 1058 2938 Id
1065 2892 1153 2956 probat
1161 2893 1237 2940 Sohae-

729 2973 820 3029 ler,cni
828 2970 1235 3035 aptiorvidetureingularie,quum

729 3061 814 3113 augeat
823 3059 975 3114 contemptus
981 3049 1142 3096 acerbitatem.
1150 3050 1238 3115 Displi-

731 3141 769 3176 cet
782 3128 879 3190 quidem
895 3128 957 3176 ratio
973 3127 1026 3175 huc
1046 3128 1168 3186 Ernestio,
1181 3131 1237 3192 quia

725 3205 835 3256 ‘Romani
848 3218 872 3254 et
884 3207 930 3271 ipei
945 3222 990 3269 per
1001 3206 1093 3270 legatos
1106 3223 1148 3255 seu
1161 3209 1237 3257 Inter-

731 3287 831 3334 nuntioe
840 3287 896 3334 talia
906 3286 1029 3335 tentarint.
1040 3286 1115 3348 Quod
1126 3305 1183 3336 vero
1193 3291 1236 3350 ju-

732 3365 765 3413 rie
776 3365 823 3413 eibi
836 3365 980 3427 arrogabant
990 3366 1111 3423 Romani,
1123 3383 1173 3415 non
1183 3368 1236 3415 allis

732 3444 906 3493 concedebant.
927 3437 997 3491 Mox'
1011 3445 1107 3492 malim:
1130 3448 1237 3494 Deorum

731 3535 790 3571 nutu
810 3539 881 3570 arma
899 3534 994 3584 sumpta
1011 3539 1041 3568 ae
1054 3522 1141 3585 posita
1162 3540 1237 3587 usque

731 3602 846 3650 Romanis
858 3617 906 3648 csse
913 3618 921 3648 .·
926 3601 984 3665 jam
992 3617 1040 3648 nou
1051 3601 1236 3664 deoafoederum

183 3537 262 3590 cerer,
284 3543 318 3574 ee.
339 3526 434 3590 populo
459 3541 572 3582 romano,
593 3523 687 3571 iudiea-

185 3616 234 3652 tum
240 3638 247 3660 ,
257 3621 290 3652 ee.
301 3605 395 3668 utrique
406 3605 479 3668 genti,
490 3605 534 3651 Eu.

219 3700 242 3730 a.
254 3683 281 3731 Si
292 3683 319 3730 id
330 3695 386 3730 ante
399 3681 583 3746 (leucadiam
594 3681 686 3744 Gron.)
732 3693 800 3729 testes
807 3716 815 3738 ,
834 3681 878 3727 sed
891 3678 996 3727 Rhodios
1013 3679 1144 3728 babituros.
1161 3681 1236 3741 Quod

184 3761 385 3826 dubiumfirisset,
404 3763 538 3825 legatorum
559 3762 635 3808 verba
653 3760 689 3807 ad
731 3765 899 3828 σαρκαστικῶς
913 3758 1012 3806 dictum.
1026 3760 1117 3805 Eorum
1126 3760 1165 3806 vel
1173 3759 1237 3807 Illo·

183 3854 273 3889 eertum
291 3839 686 3904 redeguse;vid.sup.adxn1‚
731 3840 826 3887 diorum
848 3850 906 3885 nutu
926 3855 998 3885 arma
1017 3848 1152 3899 sumptu-ros
1166 3855 1195 3901 p.
1216 3856 1235 3888 r.

185 3921 227 3978 23,
236 3937 262 3968 n.
277 3936 318 3968 11.
731 3934 779 3968 esee
792 3920 858 3979 conj.
875 3919 927 3965 Jac.
947 3918 1021 3966 Paria.
1038 3927 1066 3963 et
1076 3917 1147 3964 Creu.
1161 3919 1233 3982 prob.

221 4001 244 4048 3.
254 3997 360 4046 Ilbodios
371 3997 454 4046 errantia
466 3996 490 4042 ia
501 3997 558 4044 orbe
569 4007 687 4043 terrarum
731 3998 804 4046 Drak.
819 4025 853 4034 -·
864 3999 947 4046 Buttn.
966 3996 1037 4044 Obes.
1057 4011 1112 4059 pag.
1123 4017 1124 4022 ¹
1135 4013 1192 4057 107,
1213 4011 1237 4046 ct

185 4080 286 4128 arbitria
299 4079 355 4128 belli
362 4079 482 4143 pacisque
496 4092 583 4142 agere,
594 4077 648 4124 vide
657 4075 688 4124 ad
732 4077 796 4123 Vrid.
809 4075 911 4124 Iacche·
925 4075 991 4138 apud
1005 4072 1084 4122 Goeil.
1100 4089 1154 4139 pag.
1174 4079 1236 4138 393,

185 4159 282 4217 XXIV,
297 4160 344 4217 45,
361 4175 384 4206 u.
400 4159 427 4205 3:
445 4157 531 4204 nuntio
546 4172 591 4220 per
605 4155 688 4220 orbern
733 4155 820 4206 horum
836 4154 1015 4206 emendationes
1036 4153 1141 4219 probant
1165 4157 1240 4204 omni·

975 4329 982 4362 l
