2970 4712
255 463 324 533 290
662 435 699 498 r.
732 433 868 506 mvn
1167 414 1279 520 atet:

254 560 358 658 hospi
376 557 433 642 [tio
449 555 569 643 reguli,
584 553 680 630 simul
702 553 832 632 omnia,
851 574 922 638 quae
939 551 980 614 ad
994 551 1209 619 valetudinem
1226 575 1306 640 opus

253 667 378 741 essent,
404 663 639 752 praeberentur3
668 660 889 748 impensaeque
904 659 1076 724 liberaliter
1100 683 1203 747 quum
1228 662 1307 748 ipsi,

254 787 324 834 turn
340 769 400 830 toti
417 763 583 828 comitatui
604 772 851 850 praestarentur3
870 783 966 824 naves
984 761 1080 824 etiam
1096 777 1134 824 ut
1148 763 1308 850 prospice-

253 885 383 944 rentur,
403 866 521 953 quibus
538 886 572 928 se
588 863 671 926 bene
685 885 721 926 ac
735 877 807 926 tuto
822 862 855 924 in
870 861 1009 927 Africam
1027 861 1194 940 trajiceret.
1209 864 1308 948 Equi-

253 972 339 1034 tibus
356 969 488 1056 singulae
501 966 590 1029 librae
606 965 747 1054 argenti,
765 978 797 1026 et
815 962 969 1050 quingeni
987 962 1122 1024 sestertii
1139 961 1207 1026 dari
1219 963 1307 1042 jussi.

253 1069 391 1133 Comitia
408 1065 553 1132 creandis
570 1067 603 1128 in
623 1066 846 1150 insequentem
864 1085 987 1126 annum
1003 1063 1189 1127 consulibus
1204 1063 1309 1126 habita

253 1186 358 1234 sunta
375 1172 409 1232 C.
424 1167 546 1232 Licinio
560 1166 701 1246 consule.
716 1164 819 1227 Creati
833 1163 873 1243 Q.
886 1162 990 1226 AElius
1005 1162 1128 1244 Paetus,
1142 1163 1187 1228 M.
1196 1166 1212 1227 J
1216 1165 1309 1226 unius

252 1272 393 1334 Pennus.
412 1265 492 1332 lnde
509 1283 661 1355 praetores
682 1265 757 1328 facti
780 1265 820 1345 Q.
839 1264 966 1327 Cassius
982 1264 1166 1352 Longinus,
1191 1263 1310 1328 M'.Ju-

250 1371 377 1435 rentius
387 1369 528 1448 Thalna,
540 1367 588 1431 Τὶ.
608 1363 760 1429 Claudius
777 1365 882 1445 Nero,
901 1363 1096 1429 A.·Manlius
1110 1365 1310 1452 Torquatus,

160 1479 163 1486 ’
252 1473 312 1534 Gn.
322 1469 453 1534 Fulvius
468 1467 568 1548 Gillo,
584 1467 619 1531 C.
635 1466 775 1530 Licinius
785 1465 901 1529 Nerva.
918 1465 1042 1528 Eodem
1057 1487 1144 1528 anno
1163 1488 1309 1530 censores

251 1571 301 1633 Ti.
317 1569 527 1656 Sempronius
546 1566 710 1631 Gracchus
732 1581 764 1628 et
783 1567 818 1628 G.
835 1564 989 1628 Claudius
1008 1566 1146 1651 Pulcher
1165 1589 1233 1630 rem
1254 1567 1311 1630 diu

250 1674 336 1736 inter
363 1693 398 1734 se
423 1670 516 1733 variis
541 1665 801 1735 altercationibus
826 1667 977 1754 agitatam
1004 1665 1135 1729 tandem
1158 1666 1310 1730 concordi

250 1773 360 1836 animo
379 1770 601 1836 decreverunt.
623 1767 803 1847 Gracchus,
823 1789 926 1854 quum
948 1767 1090 1834 libertini
1114 1768 1232 1833 iterurn
1251 1769 1309 1833 ite-

251 1893 391 1957 rumque
407 1872 441 1932 in
459 1885 598 1955 quatuor
614 1869 717 1932 tribus
733 1867 873 1932 urbanas
889 1867 1008 1941 redacti
1029 1890 1098 1933 sese
1120 1891 1232 1942 rursus
1254 1891 1311 1955 per

251 1993 364 2036 omnes
381 1969 588 2049 effudissent,
605 1968 801 2055 repullulans
818 1987 945 2054 semper
963 1968 1083 2030 malum
1098 1964 1312 2031 radicituscr·

251 2073 384 2157 stirpare
409 2070 571 2150 voluerat,
600 2089 802 2154 omnesque,
816 2068 874 2154 qni
905 2068 1092 2132 servitutem
1124 2069 1309 2152 servissent,

251 2193 351 2235 censu
375 2169 554 2232 excludere.
577 2168 749 2232 Nitebatur
774 2184 887 2235 contra
909 2169 1078 2252 Claudius,
1097 2187 1130 2236 et
1154 2171 1311 2250 majorum

251 2272 397 2334 instituta
422 2269 714 2364 commemorabat,
738 2269 794 2356 qui
818 2262 1154 2334 libertinos‘coercere
1182 2273 1311 2361 saepius,

252 2392 420 2458 nunquam
434 2370 607 2460 prohibere
621 2369 756 2433 omnino
769 2369 894 2433 civitate
908 2385 1094 2435 tentassent.
1115 2372 1203 2454 Quin
1217 2373 1312 2435 etiam

251 2475 291 2536 ab
311 2471 500 2536 censoribus
516 2473 555 2534 C.
572 2469 747 2551 Flaminio,
774 2471 809 2534 L.
827 2469 958 2535 AEmilio
975 2469 1097 2558 aliquid
1119 2495 1157 2534 ex
1179 2473 1311 2560 pristina

252 2573 418 2637 severitate
433 2571 573 2634 laxatum
592 2594 660 2634 esse
673 2570 844 2634 referebat.
863 2572 945 2635 Sane
963 2596 1066 2659 quum
1085 2589 1163 2637 tunc
1181 2596 1313 2660 quoque

252 2675 312 2737 faex
330 2673 383 2736 illa
407 2673 520 2760 populi
543 2695 601 2760 per
621 2694 734 2735 omnes
756 2671 860 2735 trlbus
888 2695 956 2736 sese
985 2671 1156 2754 divisisset,
1179 2696 1314 2760 eamque

253 2774 398 2864 redigere
422 2796 533 2837 rursus
557 2774 591 2836 in
608 2773 773 2860 antiquam
796 2772 904 2837 sedem
928 2776 1015 2838 velut
1037 2777 1251 2838 necessarium
1266 2775 1313 2837 vi-

253 2873 395 2953 deretur,
413 2873 578 2936 nonnullis
603 2889 709 2936 tamen
735 2873 803 2953 ejus
826 2873 950 2937 ordinis
972 2874 1096 2962 aliquid
1114 2877 1313 2963 praecipuum

252 2995 440 3038 concessum
463 2991 539 3037 erat.

295 3071 366 3134 XV.
378 3071 462 3134 Nam
474 3071 515 3141 ab
525 3071 584 3137 illis
594 3073 793 3160 censoribus]
804 3065 843 3134 in
850 3079 1006 3160 quatuor
1015 3063 1184 3140 urbanas¹
1197 3063 1312 3146 tribus

252 3171 422 3268 descripti
434 3185 537 3241 erant
551 3169 729 3260 libertini,
739 3187 869 3270 praeter
878 3171 1201 3268 e0s‚quibusfilius
1211 3173 1313 3267 quin-

288 3352 414 3415 Surrnrrr.
425 3350 504 3400 Valer.
519 3351 620 3404 Maxim.
630 3353 661 3412 V,
681 3368 700 3400 1.
724 3380 759 3390 -
807 3361 838 3408 14
854 3369 891 3415 sq.
914 3364 938 3401 et
953 3353 1043 3408 XLIV,
1067 3350 1163 3415 16)de
1185 3349 1313 3398 libertinis.

252 3430 304 3476 Lir.
316 3430 368 3486 IX,
384 3429 433 3487 463
452 3428 518 3492 Epit.
537 3428 580 3476 lib.
601 3432 665 3487 XX,
683 3432 760 3488 XLV,
803 3431 868 3478 Nota
882 3431 974 3480 Deleri
993 3441 1045 3481 est:
1061 3432 1119 3478 «Ex
1131 3445 1174 3486 eo,
1189 3429 1255 3492 quod
1273 3429 1313 3474 Li·

255 3508 285 3554 15
299 3506 525 3568 seqq-Cicero,
543 3505 702 3568 deoratore,
715 3509 758 3556 lib.
803 3511 869 3568 vics,
895 3510 939 3558 tria
962 3508 993 3556 de
1019 3509 1153 3566 libertinis,
1178 3523 1233 3570 qnae
1256 3517 1313 3555 ante

251 3589 275 3642 Ι,
293 3601 348 3648 ΜΡ·
366 3599 390 3646 9·
488 3627 490 3632 ,
803 3587 932 3647 Claudiurn
945 3599 969 3636 et
982 3586 1120 3636 Gracchum
1130 3602 1241 3634 censores
1250 3583 1314 3632 obti-

285 3666 344 3715 Cer.
353 3663 410 3710 XV.
430 3678 452 3711 r.
472 3665 502 3708 ln
523 3675 630 3726 quatuor
653 3665 759 3715 urtaaas
802 3677 922 3726 onerent,
936 3667 1053 3726 referens,
1065 3665 1096 3712 dc
1105 3665 1184 3728 prImo
1196 3662 1313 3724 praeteriti

252 3742 343 3799 tribur,
358 3753 405 3798 etc.
422 3741 448 3788 in
465 3741 508 3804 iis,
527 3757 581 3805 quae
594 3742 619 3792 h.
633 3742 652 3790 l.
668 3743 759 3792 deside·
804 3747 920 3808 temporIs
932 3745 1006 3793 rerho
1025 3744 1084 3791 dicit
1101 3739 1216 3803 descripti
1224 3752 1311 3798 erant,

251 3832 341 3878 rantur,
361 3821 445 3868 Livius
465 3834 641 3886 memoraverat
662 3823 759 3873 comitia
804 3823 930 3886 probabile
950 3821 994 3878 Iit,
1016 3836 1070 3868 enm
1095 3819 1167 3876 etlam
1188 3817 1313 3882 scripsisse

250 3898 379 3949 consulum
391 3910 572 3962 pratorumque
580 3898 591 3963 (
600 3916 704 3964 quorum
716 3916 760 3948 no-
798 3901 923 3964 jesseravu
931 3899 1056 3964 estfactum
1065 3908 1126 3944 emt.
1136 3898 1175 3944 Ex
1184 3911 1214 3944 eo
1222 3907 1313 3950 auteur,

250 3977 315 4025 ruina
324 3977 372 4024 vid
383 3993 438 4042 cap.
453 3975 509 4040 16),
522 3989 547 4024 et
555 3978 653 4030 initium
663 3990 761 4032 conten·
804 3979 871 4041 quod
885 3980 960 4044 paulo
975 3988 1031 4042 post
1046 3977 1107 4026 dicit
1123 3974 1169 4022 hoc
1184 3991 1258 4038 quum
1275 3974 1313 4022 r'ra

249 4055 325 4105 tionis
341 4056 370 4106 C·
385 4055 479 4105 Claudii
493 4055 592 4105 Pulchri
609 4068 635 4106 et
644 4058 683 4106 Ti.
698 4059 761 4105 Sem·
803 4069 923 4108 servatum
933 4067 1008 4112 esset,
1023 4055 1123 4104 crIdena
1133 4064 1182 4110 eat,
1196 4053 1249 4101 haec
1259 4067 1314 4100 om-

248 4133 329 4197 pronii
340 4131 445 4180 Gracchi
453 4147 581 4182 censorum
591 4132 657 4198 (vid.
667 4137 759 4195 XLIII,
803 4137 842 4184 nia
852 4147 908 4187 ante
917 4133 1045 4184 Claudium
1054 4144 1079 4183 et
1086 4129 1222 4180 Gracchum
1231 4145 1314 4178 censo
