<?xml version="1.0" encoding="UTF-8"?>
<!DOCTYPE html PUBLIC "-//W3C//DTD XHTML 1.0 Transitional//EN"
    "http://www.w3.org/TR/xhtml1/DTD/xhtml1-transitional.dtd">
<html xmlns="http://www.w3.org/1999/xhtml" xml:lang="en" lang="en">
 <head>
  <title>
</title>
<meta http-equiv="Content-Type" content="text/html;charset=utf-8" />
  <meta name='ocr-system' content='tesseract 3.04.00' />
  <meta name='ocr-capabilities' content='ocr_page ocr_carea ocr_par ocr_line ocrx_word'/>
</head>
<body>
  <div class='ocr_page' id='page_1' title='image "./titusliviuspata02freigoog_0267.png"; bbox 0 0 2984 4706; ppageno 0'>
   <div class='ocr_carea' id='block_1_1' title="bbox 180 332 1380 2317">
    <p class='ocr_par' dir='ltr' id='par_1_1' title="bbox 180 332 1380 2317">
     <span class='ocr_line' id='line_1_1' title="bbox 268 332 1303 440; baseline -0.009 -14"><span class='ocrx_word' id='word_1_1' title='bbox 268 355 337 426; x_wconf 64' lang='grc' dir='ltr'><strong>ιιι</strong></span> <span class='ocrx_word' id='word_1_2' title='bbox 700 354 737 418; x_wconf 85' lang='lat' dir='ltr'><strong>T.</strong></span> <span class='ocrx_word' id='word_1_3' title='bbox 765 352 902 419; x_wconf 78' lang='lat' dir='ltr'><strong>Livii</strong></span> <span class='ocrx_word' id='word_1_4' title='bbox 1002 352 1005 358; x_wconf 88' lang='lat'>·</span> <span class='ocrx_word' id='word_1_5' title='bbox 1180 332 1303 440; x_wconf 51' lang='lat'><strong>&amp;32:322</strong></span> 
     </span>
     <span class='ocr_line' id='line_1_2' title="bbox 180 470 1329 570; baseline -0.004 -23"><span class='ocrx_word' id='word_1_6' title='bbox 180 513 182 517; x_wconf 94' lang='lat'>·</span> <span class='ocrx_word' id='word_1_7' title='bbox 268 477 428 547; x_wconf 86' lang='lat' dir='ltr'><strong>militaris</strong></span> <span class='ocrx_word' id='word_1_8' title='bbox 444 474 584 570; x_wconf 81' lang='lat' dir='ltr'><strong>&#39;generis</strong></span> <span class='ocrx_word' id='word_1_9' title='bbox 610 470 748 542; x_wconf 87' lang='lat' dir='ltr'><strong>turbae:</strong></span> <span class='ocrx_word' id='word_1_10' title='bbox 770 474 956 540; x_wconf 81' lang='lat' dir='ltr'><strong>Cretenses</strong></span> <span class='ocrx_word' id='word_1_11' title='bbox 976 493 1074 566; x_wconf 88' lang='lat' dir='ltr'><strong>spem</strong></span> <span class='ocrx_word' id='word_1_12' title='bbox 1093 473 1254 567; x_wconf 84' lang='lat' dir='ltr'><strong>pecuniae</strong></span> <span class='ocrx_word' id='word_1_13' title='bbox 1273 497 1329 542; x_wconf 88' lang='lat' dir='ltr'><strong>se-</strong></span> 
     </span>
     <span class='ocr_line' id='line_1_3' title="bbox 194 578 1328 682; baseline -0.004 -26"><span class='ocrx_word' id='word_1_14' title='bbox 194 613 196 616; x_wconf 91' lang='lat'>·</span> <span class='ocrx_word' id='word_1_15' title='bbox 269 586 384 682; x_wconf 89' lang='lat' dir='ltr'><strong>quuti.</strong></span> <span class='ocrx_word' id='word_1_16' title='bbox 402 589 467 668; x_wconf 90' lang='lat' dir='ltr'><strong>Et,</strong></span> <span class='ocrx_word' id='word_1_17' title='bbox 486 581 658 677; x_wconf 84' lang='lat' dir='ltr'><strong>quoniam</strong></span> <span class='ocrx_word' id='word_1_18' title='bbox 677 582 713 648; x_wconf 91' lang='lat' dir='ltr'><strong>in</strong></span> <span class='ocrx_word' id='word_1_19' title='bbox 737 579 946 665; x_wconf 91' lang='lat' dir='ltr'><strong>dividendo,</strong></span> <span class='ocrx_word' id='word_1_20' title='bbox 965 580 1046 678; x_wconf 91' lang='lat' dir='ltr'><strong>plus</strong></span> <span class='ocrx_word' id='word_1_21' title='bbox 1066 578 1328 665; x_wconf 84' lang='lat' dir='ltr'><strong>offensionum,</strong></span> 
     </span>
     <span class='ocr_line' id='line_1_4' title="bbox 270 690 1330 790; baseline -0.004 -27"><span class='ocrx_word' id='word_1_22' title='bbox 270 718 378 790; x_wconf 86' lang='lat' dir='ltr'><strong>quam</strong></span> <span class='ocrx_word' id='word_1_23' title='bbox 392 693 529 790; x_wconf 83' lang='lat' dir='ltr'><strong>gratiae,</strong></span> <span class='ocrx_word' id='word_1_24' title='bbox 543 705 632 774; x_wconf 87' lang='lat' dir='ltr'><strong>erat,</strong></span> <span class='ocrx_word' id='word_1_25' title='bbox 647 691 907 786; x_wconf 81' lang='lat' dir='ltr'><strong>quinquaginta</strong></span> <span class='ocrx_word' id='word_1_26' title='bbox 918 690 1051 760; x_wconf 91' lang='lat' dir='ltr'><strong>talenta</strong></span> <span class='ocrx_word' id='word_1_27' title='bbox 1066 691 1108 760; x_wconf 92' lang='lat' dir='ltr'><strong>iis</strong></span> <span class='ocrx_word' id='word_1_28' title='bbox 1120 692 1234 787; x_wconf 88' lang='lat' dir='ltr'><strong>posita</strong></span> <span class='ocrx_word' id='word_1_29' title='bbox 1247 708 1330 761; x_wconf 91' lang='lat' dir='ltr'><strong>sunt</strong></span> 
     </span>
     <span class='ocr_line' id='line_1_5' title="bbox 269 797 1380 898; baseline 0 -26"><span class='ocrx_word' id='word_1_30' title='bbox 269 807 307 872; x_wconf 90' lang='lat' dir='ltr'><strong>in</strong></span> <span class='ocrx_word' id='word_1_31' title='bbox 326 803 404 898; x_wconf 87' lang='lat' dir='ltr'><strong>ripa</strong></span> <span class='ocrx_word' id='word_1_32' title='bbox 422 798 632 897; x_wconf 87' lang='lat' dir='ltr'><strong>diripienda.</strong></span> <span class='ocrx_word' id='word_1_33' title='bbox 660 797 715 868; x_wconf 85' lang='lat' dir='ltr'><strong>Ab</strong></span> <span class='ocrx_word' id='word_1_34' title='bbox 735 798 800 868; x_wconf 88' lang='lat' dir='ltr'><strong>hac</strong></span> <span class='ocrx_word' id='word_1_35' title='bbox 819 799 1022 895; x_wconf 85' lang='lat' dir='ltr'><strong>direptione</strong></span> <span class='ocrx_word' id='word_1_36' title='bbox 1042 825 1157 895; x_wconf 89' lang='lat' dir='ltr'><strong>quum</strong></span> <span class='ocrx_word' id='word_1_37' title='bbox 1183 825 1248 897; x_wconf 91' lang='lat' dir='ltr'><strong>per</strong></span> <span class='ocrx_word' id='word_1_38' title='bbox 1274 817 1330 872; x_wconf 92' lang='lat' dir='ltr'><strong>tu·</strong></span> <span class='ocrx_word' id='word_1_39' title='bbox 1369 865 1380 888; x_wconf 75' lang='lat'><strong>,</strong></span> 
     </span>
     <span class='ocr_line' id='line_1_6' title="bbox 269 906 1330 995; baseline 0 -14"><span class='ocrx_word' id='word_1_40' title='bbox 269 911 425 981; x_wconf 92' lang='lat' dir='ltr'><strong>multum</strong></span> <span class='ocrx_word' id='word_1_41' title='bbox 439 933 547 978; x_wconf 85' lang='lat' dir='ltr'><strong>naves</strong></span> <span class='ocrx_word' id='word_1_42' title='bbox 561 906 863 995; x_wconf 84' lang='lat' dir='ltr'><strong>conscenderent,</strong></span> <span class='ocrx_word' id='word_1_43' title='bbox 882 909 1041 979; x_wconf 89' lang='lat' dir='ltr'><strong>lembum</strong></span> <span class='ocrx_word' id='word_1_44' title='bbox 1056 934 1170 980; x_wconf 94' lang='lat' dir='ltr'><strong>unum</strong></span> <span class='ocrx_word' id='word_1_45' title='bbox 1183 913 1220 980; x_wconf 90' lang='lat' dir='ltr'><strong>in</strong></span> <span class='ocrx_word' id='word_1_46' title='bbox 1237 914 1330 982; x_wconf 92' lang='lat' dir='ltr'><strong>ostio</strong></span> 
     </span>
     <span class='ocr_line' id='line_1_7' title="bbox 269 1017 1329 1118; baseline 0.001 -28"><span class='ocrx_word' id='word_1_47' title='bbox 269 1022 383 1102; x_wconf 77' lang='lat' dir='ltr'><strong>amnis</strong></span> <span class='ocrx_word' id='word_1_48' title='bbox 397 1017 628 1089; x_wconf 90' lang='lat' dir='ltr'><strong>multitudine</strong></span> <span class='ocrx_word' id='word_1_49' title='bbox 644 1033 827 1112; x_wconf 86' lang='lat' dir='ltr'><strong>gravatum</strong></span> <span class='ocrx_word' id='word_1_50' title='bbox 845 1033 1055 1089; x_wconf 88' lang='lat' dir='ltr'><strong>merserunt.</strong></span> <span class='ocrx_word' id='word_1_51' title='bbox 1077 1020 1272 1118; x_wconf 84' lang='lat' dir='ltr'><strong>Galepsum</strong></span> <span class='ocrx_word' id='word_1_52' title='bbox 1285 1047 1329 1091; x_wconf 93' lang='lat' dir='ltr'><strong>eo</strong></span> 
     </span>
     <span class='ocr_line' id='line_1_8' title="bbox 270 1127 1328 1228; baseline -0.001 -28"><span class='ocrx_word' id='word_1_53' title='bbox 270 1131 349 1217; x_wconf 89' lang='lat' dir='ltr'><strong>die,</strong></span> <span class='ocrx_word' id='word_1_54' title='bbox 375 1144 520 1227; x_wconf 92' lang='lat' dir='ltr'><strong>postero</strong></span> <span class='ocrx_word' id='word_1_55' title='bbox 547 1127 835 1215; x_wconf 88' lang='lat' dir='ltr'><strong>Samothracam,</strong></span> <span class='ocrx_word' id='word_1_56' title='bbox 860 1139 968 1223; x_wconf 92' lang='lat' dir='ltr'><strong>quam</strong></span> <span class='ocrx_word' id='word_1_57' title='bbox 994 1127 1185 1225; x_wconf 88' lang='lat' dir='ltr'><strong>petebant,</strong></span> <span class='ocrx_word' id='word_1_58' title='bbox 1202 1156 1328 1228; x_wconf 88' lang='lat' dir='ltr'><strong>perve-</strong></span> 
     </span>
     <span class='ocr_line' id='line_1_9' title="bbox 271 1237 1304 1337; baseline 0.001 -28"><span class='ocrx_word' id='word_1_59' title='bbox 271 1242 396 1310; x_wconf 90' lang='lat' dir='ltr'><strong>niunt:</strong></span> <span class='ocrx_word' id='word_1_60' title='bbox 418 1238 462 1308; x_wconf 88' lang='lat' dir='ltr'><strong>ad</strong></span> <span class='ocrx_word' id='word_1_61' title='bbox 479 1238 554 1308; x_wconf 92' lang='lat' dir='ltr'><strong>duo</strong></span> <span class='ocrx_word' id='word_1_62' title='bbox 573 1237 682 1306; x_wconf 90' lang='lat' dir='ltr'><strong>millia</strong></span> <span class='ocrx_word' id='word_1_63' title='bbox 697 1239 869 1309; x_wconf 84' lang='lat' dir='ltr'><strong>talentum</strong></span> <span class='ocrx_word' id='word_1_64' title='bbox 887 1253 1052 1337; x_wconf 87' lang='lat' dir='ltr'><strong>pervecta</strong></span> <span class='ocrx_word' id='word_1_65' title='bbox 1065 1263 1109 1309; x_wconf 92' lang='lat' dir='ltr'><strong>eo</strong></span> <span class='ocrx_word' id='word_1_66' title='bbox 1125 1239 1304 1311; x_wconf 90' lang='lat' dir='ltr'><strong>dicuntur.</strong></span> 
     </span>
     <span class='ocr_line' id='line_1_10' title="bbox 317 1345 1329 1443; baseline -0.001 -23"><span class='ocrx_word' id='word_1_67' title='bbox 317 1352 440 1420; x_wconf 87' lang='lat' dir='ltr'><strong>XLVI.</strong></span> <span class='ocrx_word' id='word_1_68' title='bbox 469 1345 631 1432; x_wconf 85' lang='lat' dir='ltr'><strong>Paullus,</strong></span> <span class='ocrx_word' id='word_1_69' title='bbox 651 1357 716 1443; x_wconf 89' lang='lat' dir='ltr'><strong>per</strong></span> <span class='ocrx_word' id='word_1_70' title='bbox 735 1369 860 1417; x_wconf 90' lang='lat' dir='ltr'><strong>omnes</strong></span> <span class='ocrx_word' id='word_1_71' title='bbox 878 1346 1015 1417; x_wconf 92' lang='lat' dir='ltr'><strong>deditas</strong></span> <span class='ocrx_word' id='word_1_72' title='bbox 1034 1348 1191 1419; x_wconf 85' lang='lat' dir='ltr'><strong>civitates</strong></span> <span class='ocrx_word' id='word_1_73' title='bbox 1208 1349 1329 1420; x_wconf 91' lang='lat' dir='ltr'><strong>dimis-</strong></span> 
     </span>
     <span class='ocr_line' id='line_1_11' title="bbox 270 1457 1332 1557; baseline 0 -27"><span class='ocrx_word' id='word_1_74' title='bbox 270 1462 336 1548; x_wconf 91' lang='lat' dir='ltr'><strong>sis,</strong></span> <span class='ocrx_word' id='word_1_75' title='bbox 358 1461 420 1555; x_wconf 87' lang='lat' dir='ltr'><strong>qui</strong></span> <span class='ocrx_word' id='word_1_76' title='bbox 444 1471 655 1556; x_wconf 71' lang='lat' dir='ltr'><strong>praeessent,</strong></span> <span class='ocrx_word' id='word_1_77' title='bbox 679 1481 725 1525; x_wconf 92' lang='lat' dir='ltr'><strong>ne</strong></span> <span class='ocrx_word' id='word_1_78' title='bbox 748 1481 820 1552; x_wconf 90' lang='lat' dir='ltr'><strong>qua</strong></span> <span class='ocrx_word' id='word_1_79' title='bbox 843 1457 974 1550; x_wconf 89' lang='lat' dir='ltr'><strong>injuria</strong></span> <span class='ocrx_word' id='word_1_80' title='bbox 997 1459 1034 1526; x_wconf 93' lang='lat' dir='ltr'><strong>in</strong></span> <span class='ocrx_word' id='word_1_81' title='bbox 1061 1482 1152 1528; x_wconf 88' lang='lat' dir='ltr'><strong>nova</strong></span> <span class='ocrx_word' id='word_1_82' title='bbox 1175 1483 1262 1557; x_wconf 89' lang='lat' dir='ltr'><strong>pace</strong></span> <span class='ocrx_word' id='word_1_83' title='bbox 1282 1463 1332 1530; x_wconf 88' lang='lat' dir='ltr'><strong>vi·</strong></span> 
     </span>
     <span class='ocr_line' id='line_1_12' title="bbox 269 1565 1332 1664; baseline -0.003 -23"><span class='ocrx_word' id='word_1_84' title='bbox 269 1573 334 1640; x_wconf 89' lang='lat' dir='ltr'><strong>ctis</strong></span> <span class='ocrx_word' id='word_1_85' title='bbox 350 1569 473 1655; x_wconf 89' lang='lat' dir='ltr'><strong>fieret,</strong></span> <span class='ocrx_word' id='word_1_86' title='bbox 492 1569 712 1662; x_wconf 87' lang='lat' dir='ltr'><strong>retentisque</strong></span> <span class='ocrx_word' id='word_1_87' title='bbox 731 1565 828 1664; x_wconf 90' lang='lat' dir='ltr'><strong>apud</strong></span> <span class='ocrx_word' id='word_1_88' title='bbox 851 1591 889 1636; x_wconf 91' lang='lat' dir='ltr'><strong>se</strong></span> <span class='ocrx_word' id='word_1_89' title='bbox 908 1567 1201 1638; x_wconf 86' lang='lat' dir='ltr'><strong>caduceatoribus</strong></span> <span class='ocrx_word' id='word_1_90' title='bbox 1217 1570 1332 1664; x_wconf 88' lang='lat' dir='ltr'><strong>regis,</strong></span> 
     </span>
     <span class='ocr_line' id='line_1_13' title="bbox 269 1673 1332 1775; baseline -0.002 -24"><span class='ocrx_word' id='word_1_91' title='bbox 269 1687 304 1751; x_wconf 88' lang='lat' dir='ltr'><strong>P.</strong></span> <span class='ocrx_word' id='word_1_92' title='bbox 333 1681 516 1766; x_wconf 87' lang='lat' dir='ltr'><strong>Nasicam,</strong></span> <span class='ocrx_word' id='word_1_93' title='bbox 544 1679 687 1774; x_wconf 88' lang='lat' dir='ltr'><strong>ignarus</strong></span> <span class='ocrx_word' id='word_1_94' title='bbox 712 1673 803 1773; x_wconf 84' lang='lat' dir='ltr'><strong>fugae</strong></span> <span class='ocrx_word' id='word_1_95' title='bbox 827 1678 940 1774; x_wconf 82' lang='lat' dir='ltr'><strong>regis,</strong></span> <span class='ocrx_word' id='word_1_96' title='bbox 965 1678 1209 1775; x_wconf 87' lang='lat' dir='ltr'><strong>Amphipolim</strong></span> <span class='ocrx_word' id='word_1_97' title='bbox 1238 1681 1332 1750; x_wconf 90' lang='lat' dir='ltr'><strong>misit</strong></span> 
     </span>
     <span class='ocr_line' id='line_1_14' title="bbox 270 1784 1333 1883; baseline -0.002 -23"><span class='ocrx_word' id='word_1_98' title='bbox 270 1815 351 1860; x_wconf 92' lang='lat' dir='ltr'><strong>cum</strong></span> <span class='ocrx_word' id='word_1_99' title='bbox 381 1788 522 1858; x_wconf 90' lang='lat' dir='ltr'><strong>modica</strong></span> <span class='ocrx_word' id='word_1_100' title='bbox 548 1784 711 1883; x_wconf 86' lang='lat' dir='ltr'><strong>peditum</strong></span> <span class='ocrx_word' id='word_1_101' title='bbox 738 1787 976 1883; x_wconf 86' lang='lat' dir='ltr'><strong>equitumque</strong></span> <span class='ocrx_word' id='word_1_102' title='bbox 1002 1810 1134 1874; x_wconf 76' lang='lat' dir='ltr'><strong>mann,</strong></span> <span class='ocrx_word' id='word_1_103' title='bbox 1163 1787 1269 1858; x_wconf 91' lang='lat' dir='ltr'><strong>simul</strong></span> <span class='ocrx_word' id='word_1_104' title='bbox 1292 1805 1333 1858; x_wconf 92' lang='lat' dir='ltr'><strong>ut</strong></span> 
     </span>
     <span class='ocr_line' id='line_1_15' title="bbox 271 1894 1333 1995; baseline -0.002 -25"><span class='ocrx_word' id='word_1_105' title='bbox 271 1900 428 1970; x_wconf 88' lang='lat' dir='ltr'><strong>Sinticen</strong></span> <span class='ocrx_word' id='word_1_106' title='bbox 455 1910 648 1980; x_wconf 83' lang='lat' dir='ltr'><strong>evastaret,</strong></span> <span class='ocrx_word' id='word_1_107' title='bbox 674 1894 772 1965; x_wconf 87' lang='lat' dir='ltr'><strong>etad</strong></span> <span class='ocrx_word' id='word_1_108' title='bbox 791 1919 916 1967; x_wconf 88' lang='lat' dir='ltr'><strong>omnes</strong></span> <span class='ocrx_word' id='word_1_109' title='bbox 938 1911 1088 1967; x_wconf 90' lang='lat' dir='ltr'><strong>conatus</strong></span> <span class='ocrx_word' id='word_1_110' title='bbox 1108 1899 1200 1993; x_wconf 88' lang='lat' dir='ltr'><strong>regis</strong></span> <span class='ocrx_word' id='word_1_111' title='bbox 1219 1900 1333 1995; x_wconf 90' lang='lat' dir='ltr'><strong>impe-</strong></span> 
     </span>
     <span class='ocr_line' id='line_1_16' title="bbox 273 2003 1334 2079; baseline -0.002 0"><span class='ocrx_word' id='word_1_112' title='bbox 273 2009 433 2079; x_wconf 89' lang='lat' dir='ltr'><strong>dimento</strong></span> <span class='ocrx_word' id='word_1_113' title='bbox 453 2019 545 2076; x_wconf 89' lang='lat' dir='ltr'><strong>esset</strong></span> <span class='ocrx_word' id='word_1_114' title='bbox 559 2016 582 2072; x_wconf 87' lang='lat'><strong>¹.</strong></span> <span class='ocrx_word' id='word_1_115' title='bbox 603 2009 701 2073; x_wconf 90' lang='lat' dir='ltr'><strong>Inter</strong></span> <span class='ocrx_word' id='word_1_116' title='bbox 718 2003 794 2074; x_wconf 87' lang='lat' dir='ltr'><strong>haec</strong></span> <span class='ocrx_word' id='word_1_117' title='bbox 813 2005 981 2076; x_wconf 89' lang='lat' dir='ltr'><strong>Meliboea</strong></span> <span class='ocrx_word' id='word_1_118' title='bbox 997 2031 1016 2075; x_wconf 93' lang='lat' dir='ltr'><strong>a</strong></span> <span class='ocrx_word' id='word_1_119' title='bbox 1034 2010 1098 2076; x_wconf 90' lang='lat' dir='ltr'><strong>Cn.</strong></span> <span class='ocrx_word' id='word_1_120' title='bbox 1116 2009 1263 2078; x_wconf 86' lang='lat' dir='ltr'><strong>Octavio</strong></span> <span class='ocrx_word' id='word_1_121' title='bbox 1278 2032 1334 2077; x_wconf 90' lang='lat' dir='ltr'><strong>ea·</strong></span> 
     </span>
     <span class='ocr_line' id='line_1_17' title="bbox 274 2113 1334 2215; baseline 0 -30"><span class='ocrx_word' id='word_1_122' title='bbox 274 2119 370 2215; x_wconf 84' lang='lat' dir='ltr'><strong>pitur</strong></span> <span class='ocrx_word' id='word_1_123' title='bbox 387 2115 644 2211; x_wconf 87' lang='lat' dir='ltr'><strong>diripiturque:</strong></span> <span class='ocrx_word' id='word_1_124' title='bbox 665 2113 709 2182; x_wconf 87' lang='lat' dir='ltr'><strong>ad</strong></span> <span class='ocrx_word' id='word_1_125' title='bbox 726 2116 925 2210; x_wconf 84' lang='lat' dir='ltr'><strong>AEginium,</strong></span> <span class='ocrx_word' id='word_1_126' title='bbox 945 2115 988 2184; x_wconf 90' lang='lat' dir='ltr'><strong>ad</strong></span> <span class='ocrx_word' id='word_1_127' title='bbox 1007 2115 1106 2211; x_wconf 92' lang='lat' dir='ltr'><strong>quod</strong></span> <span class='ocrx_word' id='word_1_128' title='bbox 1125 2141 1334 2214; x_wconf 85' lang='lat' dir='ltr'><strong>oppugnan-</strong></span> 
     </span>
     <span class='ocr_line' id='line_1_18' title="bbox 275 2222 1332 2317; baseline -0.002 -21"><span class='ocrx_word' id='word_1_129' title='bbox 275 2227 362 2296; x_wconf 90' lang='lat' dir='ltr'><strong>dum</strong></span> <span class='ocrx_word' id='word_1_130' title='bbox 381 2229 444 2296; x_wconf 89' lang='lat' dir='ltr'><strong>Gn.</strong></span> <span class='ocrx_word' id='word_1_131' title='bbox 469 2224 613 2292; x_wconf 78' lang='lat' dir='ltr'><strong>Anicius</strong></span> <span class='ocrx_word' id='word_1_132' title='bbox 637 2222 773 2317; x_wconf 85' lang='lat' dir='ltr'><strong>legatus</strong></span> <span class='ocrx_word' id='word_1_133' title='bbox 798 2226 926 2295; x_wconf 89' lang='lat' dir='ltr'><strong>missus</strong></span> <span class='ocrx_word' id='word_1_134' title='bbox 949 2238 1044 2310; x_wconf 91' lang='lat' dir='ltr'><strong>erat,</strong></span> <span class='ocrx_word' id='word_1_135' title='bbox 1066 2225 1230 2312; x_wconf 89' lang='lat' dir='ltr'><strong>ducenti,</strong></span> <span class='ocrx_word' id='word_1_136' title='bbox 1252 2249 1332 2296; x_wconf 87' lang='lat' dir='ltr'><strong>eru·</strong></span> 
     </span>
    </p>
   </div>
   <div class='ocr_carea' id='block_1_2' title="bbox 276 2330 1334 2981">
    <p class='ocr_par' dir='ltr' id='par_1_2' title="bbox 276 2330 1334 2981">
     <span class='ocr_line' id='line_1_19' title="bbox 276 2330 1334 2432; baseline 0 -28"><span class='ocrx_word' id='word_1_137' title='bbox 276 2337 399 2432; x_wconf 87' lang='lat' dir='ltr'><strong>ptione</strong></span> <span class='ocrx_word' id='word_1_138' title='bbox 418 2358 462 2403; x_wconf 79' lang='lat' dir='ltr'><strong>ex</strong></span> <span class='ocrx_word' id='word_1_139' title='bbox 481 2332 616 2429; x_wconf 92' lang='lat' dir='ltr'><strong>oppido</strong></span> <span class='ocrx_word' id='word_1_140' title='bbox 635 2330 742 2418; x_wconf 88' lang='lat' dir='ltr'><strong>saeta,</strong></span> <span class='ocrx_word' id='word_1_141' title='bbox 763 2337 880 2404; x_wconf 88' lang='lat' dir='ltr'><strong>amissi</strong></span> <span class='ocrx_word' id='word_1_142' title='bbox 899 2350 999 2419; x_wconf 89' lang='lat' dir='ltr'><strong>sunt,</strong></span> <span class='ocrx_word' id='word_1_143' title='bbox 1016 2335 1145 2430; x_wconf 85' lang='lat' dir='ltr'><strong>ignaris</strong></span> <span class='ocrx_word' id='word_1_144' title='bbox 1161 2337 1334 2432; x_wconf 81' lang='lat' dir='ltr'><strong>AEginien-</strong></span> 
     </span>
     <span class='ocr_line' id='line_1_20' title="bbox 276 2441 1333 2542; baseline 0.001 -29"><span class='ocrx_word' id='word_1_145' title='bbox 276 2443 374 2514; x_wconf 90' lang='lat' dir='ltr'><strong>sibus</strong></span> <span class='ocrx_word' id='word_1_146' title='bbox 400 2441 619 2513; x_wconf 89' lang='lat' dir='ltr'><strong>debellatum</strong></span> <span class='ocrx_word' id='word_1_147' title='bbox 650 2467 735 2512; x_wconf 91' lang='lat' dir='ltr'><strong>esse.</strong></span> <span class='ocrx_word' id='word_1_148' title='bbox 768 2443 922 2531; x_wconf 91' lang='lat' dir='ltr'><strong>Consul,</strong></span> <span class='ocrx_word' id='word_1_149' title='bbox 949 2467 969 2513; x_wconf 87' lang='lat' dir='ltr'><strong>a</strong></span> <span class='ocrx_word' id='word_1_150' title='bbox 992 2443 1114 2540; x_wconf 91' lang='lat' dir='ltr'><strong>Pydna</strong></span> <span class='ocrx_word' id='word_1_151' title='bbox 1131 2445 1333 2542; x_wconf 88' lang='lat' dir='ltr'><strong>profectus,</strong></span> 
     </span>
     <span class='ocr_line' id='line_1_21' title="bbox 278 2550 1333 2650; baseline 0.001 -27"><span class='ocrx_word' id='word_1_152' title='bbox 278 2577 356 2623; x_wconf 86' lang='lat' dir='ltr'><strong>cum</strong></span> <span class='ocrx_word' id='word_1_153' title='bbox 370 2567 449 2623; x_wconf 90' lang='lat' dir='ltr'><strong>toto</strong></span> <span class='ocrx_word' id='word_1_154' title='bbox 460 2553 618 2622; x_wconf 84' lang='lat' dir='ltr'><strong>exercitu</strong></span> <span class='ocrx_word' id='word_1_155' title='bbox 632 2550 690 2622; x_wconf 94' lang='lat' dir='ltr'><strong>die</strong></span> <span class='ocrx_word' id='word_1_156' title='bbox 702 2552 814 2624; x_wconf 90' lang='lat' dir='ltr'><strong>altero</strong></span> <span class='ocrx_word' id='word_1_157' title='bbox 827 2552 957 2623; x_wconf 88' lang='lat' dir='ltr'><strong>Pellam</strong></span> <span class='ocrx_word' id='word_1_158' title='bbox 967 2556 1146 2650; x_wconf 89' lang='lat' dir='ltr'><strong>pervenit,</strong></span> <span class='ocrx_word' id='word_1_159' title='bbox 1159 2569 1212 2643; x_wconf 86' lang='lat' dir='ltr'><strong>et,</strong></span> <span class='ocrx_word' id='word_1_160' title='bbox 1222 2561 1333 2650; x_wconf 89' lang='lat' dir='ltr'><strong>quum</strong></span> 
     </span>
     <span class='ocr_line' id='line_1_22' title="bbox 278 2661 1334 2761; baseline -0.001 -27"><span class='ocrx_word' id='word_1_161' title='bbox 278 2678 391 2734; x_wconf 88' lang='lat' dir='ltr'><strong>castra</strong></span> <span class='ocrx_word' id='word_1_162' title='bbox 406 2663 503 2734; x_wconf 88' lang='lat' dir='ltr'><strong>mille</strong></span> <span class='ocrx_word' id='word_1_163' title='bbox 520 2678 643 2759; x_wconf 89' lang='lat' dir='ltr'><strong>passus</strong></span> <span class='ocrx_word' id='word_1_164' title='bbox 659 2661 743 2731; x_wconf 90' lang='lat' dir='ltr'><strong>inde</strong></span> <span class='ocrx_word' id='word_1_165' title='bbox 759 2664 949 2759; x_wconf 88' lang='lat' dir='ltr'><strong>posuisset,</strong></span> <span class='ocrx_word' id='word_1_166' title='bbox 964 2687 1029 2760; x_wconf 92' lang='lat' dir='ltr'><strong>per</strong></span> <span class='ocrx_word' id='word_1_167' title='bbox 1042 2663 1178 2761; x_wconf 91' lang='lat' dir='ltr'><strong>aliquot</strong></span> <span class='ocrx_word' id='word_1_168' title='bbox 1196 2665 1271 2736; x_wconf 89' lang='lat' dir='ltr'><strong>dies</strong></span> <span class='ocrx_word' id='word_1_169' title='bbox 1285 2665 1334 2734; x_wconf 90' lang='lat' dir='ltr'><strong>ibi</strong></span> 
     </span>
     <span class='ocr_line' id='line_1_23' title="bbox 278 2770 1332 2871; baseline -0.002 -26"><span class='ocrx_word' id='word_1_170' title='bbox 278 2775 402 2845; x_wconf 86' lang='lat' dir='ltr'><strong>stativa</strong></span> <span class='ocrx_word' id='word_1_171' title='bbox 417 2771 562 2858; x_wconf 91' lang='lat' dir='ltr'><strong>habuit,</strong></span> <span class='ocrx_word' id='word_1_172' title='bbox 582 2772 689 2841; x_wconf 89' lang='lat' dir='ltr'><strong>situm</strong></span> <span class='ocrx_word' id='word_1_173' title='bbox 708 2770 810 2842; x_wconf 88' lang='lat' dir='ltr'><strong>urbis</strong></span> <span class='ocrx_word' id='word_1_174' title='bbox 824 2772 985 2869; x_wconf 91' lang='lat' dir='ltr'><strong>undique</strong></span> <span class='ocrx_word' id='word_1_175' title='bbox 1000 2772 1212 2870; x_wconf 77' lang='lat' dir='ltr'><strong>adspiciens3</strong></span> <span class='ocrx_word' id='word_1_176' title='bbox 1227 2800 1332 2871; x_wconf 90' lang='lat' dir='ltr'><strong>quam</strong></span> 
     </span>
     <span class='ocr_line' id='line_1_24' title="bbox 279 2881 1334 2981; baseline -0.001 -27"><span class='ocrx_word' id='word_1_177' title='bbox 279 2909 354 2954; x_wconf 90' lang='lat' dir='ltr'><strong>non</strong></span> <span class='ocrx_word' id='word_1_178' title='bbox 372 2885 449 2954; x_wconf 90' lang='lat' dir='ltr'><strong>sine</strong></span> <span class='ocrx_word' id='word_1_179' title='bbox 469 2905 573 2954; x_wconf 89' lang='lat' dir='ltr'><strong>causa</strong></span> <span class='ocrx_word' id='word_1_180' title='bbox 589 2881 761 2952; x_wconf 86' lang='lat' dir='ltr'><strong>delectam</strong></span> <span class='ocrx_word' id='word_1_181' title='bbox 777 2907 852 2953; x_wconf 92' lang='lat' dir='ltr'><strong>esse</strong></span> <span class='ocrx_word' id='word_1_182' title='bbox 871 2884 1005 2981; x_wconf 82' lang='lat' dir='ltr'><strong>regiam</strong></span> <span class='ocrx_word' id='word_1_183' title='bbox 1019 2883 1178 2954; x_wconf 87' lang='lat' dir='ltr'><strong>advertit.</strong></span> <span class='ocrx_word' id='word_1_184' title='bbox 1195 2887 1266 2956; x_wconf 88' lang='lat' dir='ltr'><strong>Sita</strong></span> <span class='ocrx_word' id='word_1_185' title='bbox 1283 2899 1334 2955; x_wconf 90' lang='lat' dir='ltr'><strong>est</strong></span> 
     </span>
    </p>
   </div>
   <div class='ocr_carea' id='block_1_3' title="bbox 276 3054 1339 4144">
    <p class='ocr_par' dir='ltr' id='par_1_3' title="bbox 276 3054 1334 3514">
     <span class='ocr_line' id='line_1_25' title="bbox 278 3054 1332 3129; baseline 0.009 -25"><span class='ocrx_word' id='word_1_186' title='bbox 278 3057 334 3104; x_wconf 85' lang='lat' dir='ltr'><strong>inde</strong></span> <span class='ocrx_word' id='word_1_187' title='bbox 347 3056 459 3112; x_wconf 66' lang='lat' dir='ltr'><strong>domum</strong></span> <span class='ocrx_word' id='word_1_188' title='bbox 475 3054 711 3104; x_wconf 68' lang='lat' dir='ltr'><strong>(iton-Cretenses</strong></span> <span class='ocrx_word' id='word_1_189' title='bbox 723 3072 788 3120; x_wconf 82' lang='lat' dir='ltr'><strong>spem</strong></span> <span class='ocrx_word' id='word_1_190' title='bbox 833 3058 1018 3117; x_wconf 86' lang='lat' dir='ltr'><strong>Herodot.Vll,</strong></span> <span class='ocrx_word' id='word_1_191' title='bbox 1032 3075 1088 3118; x_wconf 75' lang='grc' dir='ltr'><strong>ιιι,</strong></span> <span class='ocrx_word' id='word_1_192' title='bbox 1100 3071 1227 3125; x_wconf 85' lang='lat' dir='ltr'><strong>utramque</strong></span> <span class='ocrx_word' id='word_1_193' title='bbox 1238 3065 1332 3129; x_wconf 73' lang='lat' dir='ltr'><strong>steph..</strong></span> 
     </span>
     <span class='ocr_line' id='line_1_26' title="bbox 276 3133 1332 3198; baseline 0.009 -18"><span class='ocrx_word' id='word_1_194' title='bbox 276 3133 402 3198; x_wconf 67' lang='lat' dir='ltr'><strong>pecunius,</strong></span> <span class='ocrx_word' id='word_1_195' title='bbox 416 3145 463 3182; x_wconf 86' lang='lat' dir='ltr'><strong>etc.</strong></span> <span class='ocrx_word' id='word_1_196' title='bbox 478 3133 713 3197; x_wconf 83' lang='lat' dir='ltr'><strong>cl.Plut.AEmil.p.</strong></span> <span class='ocrx_word' id='word_1_197' title='bbox 728 3136 787 3195; x_wconf 82' lang='lat'><strong>267.</strong></span> <span class='ocrx_word' id='word_1_198' title='bbox 832 3139 1007 3187; x_wconf 77' lang='lat' dir='ltr'><strong>monetDralr.</strong></span> <span class='ocrx_word' id='word_1_199' title='bbox 1023 3141 1096 3187; x_wconf 84' lang='lat'><strong>-11</strong></span> <span class='ocrx_word' id='word_1_200' title='bbox 1111 3140 1189 3189; x_wconf 80' lang='lat' dir='ltr'><strong>millia</strong></span> <span class='ocrx_word' id='word_1_201' title='bbox 1207 3143 1332 3191; x_wconf 80' lang='lat' dir='ltr'><strong>talentum:</strong></span> 
     </span>
     <span class='ocr_line' id='line_1_27' title="bbox 281 3211 1334 3285; baseline 0.009 -26"><span class='ocrx_word' id='word_1_202' title='bbox 281 3241 315 3251; x_wconf 89' lang='grc'><strong>-</strong></span> <span class='ocrx_word' id='word_1_203' title='bbox 336 3213 521 3278; x_wconf 71' lang='lat' dir='ltr'><strong>Quinquaginta</strong></span> <span class='ocrx_word' id='word_1_204' title='bbox 545 3213 656 3271; x_wconf 82' lang='lat' dir='ltr'><strong>talenta,</strong></span> <span class='ocrx_word' id='word_1_205' title='bbox 679 3211 732 3262; x_wconf 86' lang='lat' dir='ltr'><strong>fieri</strong></span> <span class='ocrx_word' id='word_1_206' title='bbox 754 3215 788 3263; x_wconf 83' lang='lat' dir='ltr'><strong>ait</strong></span> <span class='ocrx_word' id='word_1_207' title='bbox 832 3217 866 3266; x_wconf 86' lang='grc' dir='ltr'><strong>ιιι</strong></span> <span class='ocrx_word' id='word_1_208' title='bbox 877 3219 941 3266; x_wconf 83' lang='lat' dir='ltr'><strong>lorte</strong></span> <span class='ocrx_word' id='word_1_209' title='bbox 951 3233 997 3282; x_wconf 90' lang='lat' dir='ltr'><strong>pro</strong></span> <span class='ocrx_word' id='word_1_210' title='bbox 1012 3219 1039 3265; x_wconf 85' lang='lat' dir='ltr'><strong>X</strong></span> <span class='ocrx_word' id='word_1_211' title='bbox 1047 3233 1080 3266; x_wconf 76' lang='lat' dir='ltr'><strong>m.</strong></span> <span class='ocrx_word' id='word_1_212' title='bbox 1090 3219 1163 3283; x_wconf 82' lang='lat' dir='ltr'><strong>t..leg</strong></span> <span class='ocrx_word' id='word_1_213' title='bbox 1173 3221 1239 3285; x_wconf 86' lang='lat' dir='ltr'><strong>apud</strong></span> <span class='ocrx_word' id='word_1_214' title='bbox 1247 3221 1334 3270; x_wconf 83' lang='lat' dir='ltr'><strong>Jusun</strong></span> 
     </span>
     <span class='ocr_line' id='line_1_28' title="bbox 280 3292 1334 3357; baseline 0.012 -20"><span class='ocrx_word' id='word_1_215' title='bbox 280 3295 350 3342; x_wconf 86' lang='lat' dir='ltr'><strong>Crev.</strong></span> <span class='ocrx_word' id='word_1_216' title='bbox 369 3292 562 3355; x_wconf 79' lang='lat' dir='ltr'><strong>marcnsargentr</strong></span> <span class='ocrx_word' id='word_1_217' title='bbox 577 3303 696 3339; x_wconf 86' lang='lat' dir='ltr'><strong>nostrates</strong></span> <span class='ocrx_word' id='word_1_218' title='bbox 712 3293 788 3354; x_wconf 68' lang='lat'><strong>4687,</strong></span> <span class='ocrx_word' id='word_1_219' title='bbox 833 3298 1006 3357; x_wconf 76' lang='lat' dir='ltr'><strong>xxxn1,2‚</strong></span> <span class='ocrx_word' id='word_1_220' title='bbox 1020 3313 1045 3345; x_wconf 92' lang='grc' dir='ltr'><strong>ιι</strong></span> <span class='ocrx_word' id='word_1_221' title='bbox 1059 3297 1130 3343; x_wconf 84' lang='grc'><strong>5.-</strong></span> <span class='ocrx_word' id='word_1_222' title='bbox 1144 3300 1334 3384; x_wconf 68' lang='lat' dir='ltr'><strong>qumilliam-</strong></span> 
     </span>
     <span class='ocr_line' id='line_1_29' title="bbox 281 3369 1334 3444; baseline 0.01 -27"><span class='ocrx_word' id='word_1_223' title='bbox 281 3387 335 3418; x_wconf 85' lang='lat' dir='ltr'><strong>oum</strong></span> <span class='ocrx_word' id='word_1_224' title='bbox 355 3370 477 3424; x_wconf 71' lang='lat' dir='ltr'><strong>unciist.</strong></span> <span class='ocrx_word' id='word_1_225' title='bbox 498 3371 542 3416; x_wconf 84' lang='lat' dir='ltr'><strong>En.</strong></span> <span class='ocrx_word' id='word_1_226' title='bbox 561 3370 640 3416; x_wconf 76' lang='lat' dir='ltr'><strong>-At</strong></span> <span class='ocrx_word' id='word_1_227' title='bbox 660 3369 706 3417; x_wconf 70' lang='lat' dir='ltr'><strong>liae</strong></span> <span class='ocrx_word' id='word_1_228' title='bbox 726 3370 789 3418; x_wconf 86' lang='lat' dir='ltr'><strong>dire-</strong></span> <span class='ocrx_word' id='word_1_229' title='bbox 834 3375 924 3422; x_wconf 80' lang='lat' dir='ltr'><strong>lennem</strong></span> <span class='ocrx_word' id='word_1_230' title='bbox 935 3375 1033 3425; x_wconf 82' lang='lat' dir='ltr'><strong>Crever.</strong></span> <span class='ocrx_word' id='word_1_231' title='bbox 1042 3348 1238 3426; x_wconf 82' lang='lat' dir='ltr'><strong>aesrimatmrircis</strong></span> <span class='ocrx_word' id='word_1_232' title='bbox 1246 3382 1334 3444; x_wconf 81' lang='lat' dir='ltr'><strong>argenti</strong></span> 
     </span>
     <span class='ocr_line' id='line_1_30' title="bbox 279 3447 1167 3514; baseline 0.007 -18"><span class='ocrx_word' id='word_1_233' title='bbox 279 3449 383 3514; x_wconf 79' lang='lat' dir='ltr'><strong>peiore,-</strong></span> <span class='ocrx_word' id='word_1_234' title='bbox 376 3447 455 3495; x_wconf 60' lang='lat' dir='ltr'><strong>wide</strong></span> <span class='ocrx_word' id='word_1_235' title='bbox 463 3447 533 3506; x_wconf 87' lang='lat' dir='ltr'><strong>adl,</strong></span> <span class='ocrx_word' id='word_1_236' title='bbox 548 3464 576 3505; x_wconf 90' lang='lat'><strong>1,</strong></span> <span class='ocrx_word' id='word_1_237' title='bbox 587 3464 612 3496; x_wconf 91' lang='grc' dir='ltr'><strong>ιι.</strong></span> <span class='ocrx_word' id='word_1_238' title='bbox 627 3449 698 3495; x_wconf 80' lang='grc'><strong>5.-</strong></span> <span class='ocrx_word' id='word_1_239' title='bbox 712 3450 791 3497; x_wconf 83' lang='lat' dir='ltr'><strong>Muln&#39;·</strong></span> <span class='ocrx_word' id='word_1_240' title='bbox 834 3453 981 3501; x_wconf 85' lang='lat' dir='ltr'><strong>nostratibus</strong></span> <span class='ocrx_word' id='word_1_241' title='bbox 994 3455 1051 3514; x_wconf 84' lang='lat'><strong>187,</strong></span> <span class='ocrx_word' id='word_1_242' title='bbox 1054 3454 1112 3502; x_wconf 82' lang='lat'><strong>500</strong></span> <span class='ocrx_word' id='word_1_243' title='bbox 1123 3455 1167 3502; x_wconf 85' lang='lat' dir='ltr'><strong>En.</strong></span> 
     </span>
    </p>

    <p class='ocr_par' dir='ltr' id='par_1_4' title="bbox 280 3525 1339 4144">
     <span class='ocr_line' id='line_1_31' title="bbox 283 3525 1335 3584; baseline 0.008 -10"><span class='ocrx_word' id='word_1_244' title='bbox 283 3527 365 3574; x_wconf 76' lang='lat' dir='ltr'><strong>tudine</strong></span> <span class='ocrx_word' id='word_1_245' title='bbox 388 3525 515 3573; x_wconf 88' lang='lat' dir='ltr'><strong>hominum</strong></span> <span class='ocrx_word' id='word_1_246' title='bbox 540 3537 627 3574; x_wconf 83' lang='lat' dir='ltr'><strong>temere</strong></span> <span class='ocrx_word' id='word_1_247' title='bbox 647 3527 789 3577; x_wconf 63' lang='lat' dir='ltr'><strong>ntuentium</strong></span> <span class='ocrx_word' id='word_1_248' title='bbox 867 3533 928 3580; x_wconf 72' lang='lat' dir='ltr'><strong>Cn.</strong></span> <span class='ocrx_word' id='word_1_249' title='bbox 938 3535 1027 3579; x_wconf 83' lang='lat' dir='ltr'><strong>XLVI.</strong></span> <span class='ocrx_word' id='word_1_250' title='bbox 1043 3532 1123 3580; x_wconf 64' lang='lat' dir='ltr'><strong>cad</strong></span> <span class='ocrx_word' id='word_1_251' title='bbox 1137 3549 1219 3582; x_wconf 82' lang='lat' dir='ltr'><strong>omnes</strong></span> <span class='ocrx_word' id='word_1_252' title='bbox 1238 3550 1335 3584; x_wconf 81' lang='lat' dir='ltr'><strong>conatus</strong></span> 
     </span>
     <span class='ocr_line' id='line_1_32' title="bbox 280 3595 1335 3674; baseline 0.012 -22"><span class='ocrx_word' id='word_1_253' title='bbox 280 3595 411 3670; x_wconf 68' lang='lat' dir='ltr'><strong>grauatum</strong></span> <span class='ocrx_word' id='word_1_254' title='bbox 422 3604 554 3672; x_wconf 76' lang='lat' dir='ltr'><strong>merserunt</strong></span> <span class='ocrx_word' id='word_1_255' title='bbox 562 3606 679 3662; x_wconf 73' lang='grc' dir='ltr'><strong>Ιιιιιῦιιιιις</strong></span> <span class='ocrx_word' id='word_1_256' title='bbox 694 3607 711 3652; x_wconf 84' lang='lat' dir='ltr'><strong>i.</strong></span> <span class='ocrx_word' id='word_1_257' title='bbox 718 3624 739 3653; x_wconf 88' lang='lat' dir='ltr'><strong>e.</strong></span> <span class='ocrx_word' id='word_1_258' title='bbox 748 3607 790 3658; x_wconf 87' lang='lat' dir='ltr'><strong>ille</strong></span> <span class='ocrx_word' id='word_1_259' title='bbox 833 3609 894 3674; x_wconf 76' lang='lat' dir='ltr'><strong>regis</strong></span> <span class='ocrx_word' id='word_1_260' title='bbox 908 3610 1077 3674; x_wconf 82' lang='lat' dir='ltr'><strong>impedimento</strong></span> <span class='ocrx_word' id='word_1_261' title='bbox 1096 3625 1173 3670; x_wconf 85' lang='lat' dir='ltr'><strong>esset,·</strong></span> <span class='ocrx_word' id='word_1_262' title='bbox 1184 3617 1262 3663; x_wconf 86' lang='lat' dir='ltr'><strong>Gron.</strong></span> <span class='ocrx_word' id='word_1_263' title='bbox 1278 3615 1335 3665; x_wconf 81' lang='lat' dir='ltr'><strong>edit.</strong></span> 
     </span>
     <span class='ocr_line' id='line_1_33' title="bbox 284 3685 1336 3756; baseline 0.008 -22"><span class='ocrx_word' id='word_1_264' title='bbox 284 3703 375 3734; x_wconf 83' lang='lat' dir='ltr'><strong>mersus</strong></span> <span class='ocrx_word' id='word_1_265' title='bbox 390 3696 435 3732; x_wconf 86' lang='lat' dir='ltr'><strong>est.</strong></span> <span class='ocrx_word' id='word_1_266' title='bbox 454 3711 489 3720; x_wconf 96' lang='lat'><em>-</em></span> <span class='ocrx_word' id='word_1_267' title='bbox 509 3685 654 3749; x_wconf 76' lang='lat' dir='ltr'><strong>Galepsum,</strong></span> <span class='ocrx_word' id='word_1_268' title='bbox 666 3685 789 3754; x_wconf 73' lang='grc' dir='ltr'><strong>Γάλιιψοι,</strong></span> <span class='ocrx_word' id='word_1_269' title='bbox 833 3691 890 3736; x_wconf 83' lang='lat' dir='ltr'><strong>anni</strong></span> <span class='ocrx_word' id='word_1_270' title='bbox 905 3689 969 3737; x_wconf 74' lang='lat'><strong>166⁵</strong></span> <span class='ocrx_word' id='word_1_271' title='bbox 983 3689 1080 3739; x_wconf 76' lang='lat' dir='ltr'><strong>exhibet</strong></span> <span class='ocrx_word' id='word_1_272' title='bbox 1093 3691 1336 3756; x_wconf 76' lang='lat' dir='ltr'><strong>regi,·nequeullier</strong></span> 
     </span>
     <span class='ocr_line' id='line_1_34' title="bbox 284 3762 1338 3832; baseline 0.009 -20"><span class='ocrx_word' id='word_1_273' title='bbox 284 3767 352 3826; x_wconf 73' lang='lat' dir='ltr'><strong>euius</strong></span> <span class='ocrx_word' id='word_1_274' title='bbox 361 3763 467 3812; x_wconf 85' lang='lat' dir='ltr'><strong>nominis</strong></span> <span class='ocrx_word' id='word_1_275' title='bbox 477 3762 598 3827; x_wconf 82' lang='lat' dir='ltr'><strong>duplicem</strong></span> <span class='ocrx_word' id='word_1_276' title='bbox 609 3763 682 3812; x_wconf 85' lang='lat' dir='ltr'><strong>luisse</strong></span> <span class='ocrx_word' id='word_1_277' title='bbox 690 3765 790 3822; x_wconf 84' lang='lat' dir='ltr'><strong>urbem,</strong></span> <span class='ocrx_word' id='word_1_278' title='bbox 834 3767 907 3816; x_wconf 82' lang='lat' dir='ltr'><strong>lectio</strong></span> <span class='ocrx_word' id='word_1_279' title='bbox 919 3769 1067 3832; x_wconf 72' lang='lat' dir='ltr'><strong>displiceret,</strong></span> <span class='ocrx_word' id='word_1_280' title='bbox 1083 3771 1104 3818; x_wconf 90' lang='lat' dir='ltr'><strong>si</strong></span> <span class='ocrx_word' id='word_1_281' title='bbox 1113 3773 1186 3820; x_wconf 87' lang='lat' dir='ltr'><strong>codd.</strong></span> <span class='ocrx_word' id='word_1_282' title='bbox 1198 3776 1338 3822; x_wconf 76' lang='lat' dir='ltr'><strong>auctoritate</strong></span> 
     </span>
     <span class='ocr_line' id='line_1_35' title="bbox 285 3842 1337 3915; baseline 0.009 -26"><span class='ocrx_word' id='word_1_283' title='bbox 285 3844 383 3892; x_wconf 73' lang='lat' dir='ltr'><strong>»lteram</strong></span> <span class='ocrx_word' id='word_1_284' title='bbox 411 3843 438 3888; x_wconf 86' lang='lat' dir='ltr'><strong>in</strong></span> <span class='ocrx_word' id='word_1_285' title='bbox 465 3842 621 3898; x_wconf 82' lang='lat' dir='ltr'><strong>Macedonia,</strong></span> <span class='ocrx_word' id='word_1_286' title='bbox 644 3843 742 3889; x_wconf 85' lang='lat' dir='ltr'><strong>alteram</strong></span> <span class='ocrx_word' id='word_1_287' title='bbox 764 3845 791 3890; x_wconf 84' lang='lat' dir='ltr'><strong>in</strong></span> <span class='ocrx_word' id='word_1_288' title='bbox 834 3847 958 3895; x_wconf 87' lang='lat' dir='ltr'><strong>niteretur.</strong></span> <span class='ocrx_word' id='word_1_289' title='bbox 977 3845 1071 3895; x_wconf 82' lang='lat' dir='ltr'><strong>Livium</strong></span> <span class='ocrx_word' id='word_1_290' title='bbox 1091 3851 1155 3897; x_wconf 81' lang='lat' dir='ltr'><strong>enim</strong></span> <span class='ocrx_word' id='word_1_291' title='bbox 1172 3851 1205 3898; x_wconf 80' lang='lat' dir='ltr'><strong>its</strong></span> <span class='ocrx_word' id='word_1_292' title='bbox 1224 3853 1337 3915; x_wconf 86' lang='lat' dir='ltr'><strong>loquutus</strong></span> 
     </span>
     <span class='ocr_line' id='line_1_36' title="bbox 284 3919 1338 3996; baseline 0.009 -29"><span class='ocrx_word' id='word_1_293' title='bbox 284 3921 400 3978; x_wconf 82' lang='lat' dir='ltr'><strong>Thracia,</strong></span> <span class='ocrx_word' id='word_1_294' title='bbox 414 3931 438 3968; x_wconf 86' lang='lat' dir='ltr'><strong>et</strong></span> <span class='ocrx_word' id='word_1_295' title='bbox 452 3919 513 3967; x_wconf 79' lang='lat' dir='ltr'><strong>hanc</strong></span> <span class='ocrx_word' id='word_1_296' title='bbox 525 3919 652 3968; x_wconf 81' lang='lat' dir='ltr'><strong>memorari</strong></span> <span class='ocrx_word' id='word_1_297' title='bbox 661 3920 685 3968; x_wconf 92' lang='lat' dir='ltr'><strong>b.</strong></span> <span class='ocrx_word' id='word_1_298' title='bbox 695 3921 712 3968; x_wconf 79' lang='lat' dir='ltr'><strong>l,</strong></span> <span class='ocrx_word' id='word_1_299' title='bbox 725 3922 790 3985; x_wconf 75' lang='lat' dir='ltr'><strong>Scyl.</strong></span> <span class='ocrx_word' id='word_1_300' title='bbox 835 3937 871 3972; x_wconf 82' lang='lat' dir='ltr'><strong>est</strong></span> <span class='ocrx_word' id='word_1_301' title='bbox 884 3926 915 3974; x_wconf 87' lang='lat' dir='ltr'><strong>ad</strong></span> <span class='ocrx_word' id='word_1_302' title='bbox 927 3927 1036 3984; x_wconf 80' lang='lat' dir='ltr'><strong>XXXV,</strong></span> <span class='ocrx_word' id='word_1_303' title='bbox 1051 3919 1092 3975; x_wconf 75' lang='lat'><strong>38.</strong></span> <span class='ocrx_word' id='word_1_304' title='bbox 1104 3929 1219 3977; x_wconf 85' lang='lat' dir='ltr'><strong>Similiter</strong></span> <span class='ocrx_word' id='word_1_305' title='bbox 1230 3932 1281 3980; x_wconf 82' lang='lat' dir='ltr'><strong>cic.</strong></span> <span class='ocrx_word' id='word_1_306' title='bbox 1294 3947 1338 3996; x_wconf 90' lang='lat' dir='ltr'><strong>pro</strong></span> 
     </span>
     <span class='ocr_line' id='line_1_37' title="bbox 286 3996 1337 4067; baseline 0.013 -24"><span class='ocrx_word' id='word_1_307' title='bbox 286 3999 312 4044; x_wconf 87' lang='lat' dir='ltr'><strong>in</strong></span> <span class='ocrx_word' id='word_1_308' title='bbox 321 3996 428 4061; x_wconf 66' lang='lat' dir='ltr'><strong>periplo,</strong></span> <span class='ocrx_word' id='word_1_309' title='bbox 439 4013 494 4061; x_wconf 85' lang='lat' dir='ltr'><strong>pag.</strong></span> <span class='ocrx_word' id='word_1_310' title='bbox 505 4000 550 4057; x_wconf 72' lang='grc'><strong>64,</strong></span> <span class='ocrx_word' id='word_1_311' title='bbox 561 3998 674 4061; x_wconf 77' lang='lat' dir='ltr'><strong>Thucyd.</strong></span> <span class='ocrx_word' id='word_1_312' title='bbox 686 4001 730 4058; x_wconf 84' lang='lat' dir='ltr'><strong>lv,</strong></span> <span class='ocrx_word' id='word_1_313' title='bbox 743 4013 789 4060; x_wconf 73' lang='lat'><strong>107</strong></span> <span class='ocrx_word' id='word_1_314' title='bbox 835 4005 908 4051; x_wconf 73' lang='lat' dir='ltr'><strong>Roso.</strong></span> <span class='ocrx_word' id='word_1_315' title='bbox 920 4005 976 4052; x_wconf 80' lang='lat' dir='ltr'><strong>Am.</strong></span> <span class='ocrx_word' id='word_1_316' title='bbox 988 4013 1016 4063; x_wconf 73' lang='lat'><strong>43</strong></span> <span class='ocrx_word' id='word_1_317' title='bbox 1026 4004 1086 4054; x_wconf 79' lang='lat' dir='ltr'><strong>Caes.</strong></span> <span class='ocrx_word' id='word_1_318' title='bbox 1101 4007 1160 4054; x_wconf 84' lang='lat' dir='ltr'><strong>Bell.</strong></span> <span class='ocrx_word' id='word_1_319' title='bbox 1174 4009 1239 4056; x_wconf 81' lang='lat' dir='ltr'><strong>Gall.</strong></span> <span class='ocrx_word' id='word_1_320' title='bbox 1252 4012 1276 4067; x_wconf 88' lang='lat'><strong>1,</strong></span> <span class='ocrx_word' id='word_1_321' title='bbox 1291 4011 1337 4067; x_wconf 82' lang='grc' dir='ltr'><strong>ι6;</strong></span> 
     </span>
     <span class='ocr_line' id='line_1_38' title="bbox 285 4075 1339 4144; baseline 0.012 -22"><span class='ocrx_word' id='word_1_322' title='bbox 285 4075 348 4138; x_wconf 62' lang='lat' dir='ltr'><strong>lubi</strong></span> <span class='ocrx_word' id='word_1_323' title='bbox 363 4075 411 4122; x_wconf 85' lang='lat' dir='ltr'><strong>vid.</strong></span> <span class='ocrx_word' id='word_1_324' title='bbox 429 4076 513 4144; x_wconf 78' lang='lat' dir='ltr'><strong>nuk.)</strong></span> <span class='ocrx_word' id='word_1_325' title='bbox 528 4087 552 4122; x_wconf 89' lang='lat' dir='ltr'><strong>et</strong></span> <span class='ocrx_word' id='word_1_326' title='bbox 566 4077 628 4124; x_wconf 87' lang='lat' dir='ltr'><strong>Plnt.</strong></span> <span class='ocrx_word' id='word_1_327' title='bbox 646 4077 663 4123; x_wconf 93' lang='lat' dir='ltr'><strong>l.</strong></span> <span class='ocrx_word' id='word_1_328' title='bbox 677 4079 709 4135; x_wconf 89' lang='lat' dir='ltr'><strong>l.;</strong></span> <span class='ocrx_word' id='word_1_329' title='bbox 726 4077 791 4125; x_wconf 85' lang='lat' dir='ltr'><strong>illam</strong></span> <span class='ocrx_word' id='word_1_330' title='bbox 835 4077 931 4130; x_wconf 80' lang='lat' dir='ltr'><strong>Ilirtius</strong></span> <span class='ocrx_word' id='word_1_331' title='bbox 941 4117 948 4141; x_wconf 85' lang='lat'><strong>,</strong></span> <span class='ocrx_word' id='word_1_332' title='bbox 960 4086 989 4131; x_wconf 85' lang='lat' dir='ltr'><strong>B.</strong></span> <span class='ocrx_word' id='word_1_333' title='bbox 1005 4084 1058 4131; x_wconf 82' lang='grc' dir='ltr'><strong>Αιί.</strong></span> <span class='ocrx_word' id='word_1_334' title='bbox 1070 4085 1111 4132; x_wconf 85' lang='grc'><strong>58.</strong></span> <span class='ocrx_word' id='word_1_335' title='bbox 1122 4085 1169 4132; x_wconf 73' lang='lat' dir='ltr'><strong>sed</strong></span> <span class='ocrx_word' id='word_1_336' title='bbox 1185 4100 1292 4136; x_wconf 80' lang='lat' dir='ltr'><strong>nostram</strong></span> <span class='ocrx_word' id='word_1_337' title='bbox 1309 4087 1339 4135; x_wconf 87' lang='lat' dir='ltr'><strong>le·</strong></span> 
     </span>
    </p>
   </div>
   <div class='ocr_carea' id='block_1_4' title="bbox 0 0 1513 4706">
    <p class='ocr_par' dir='ltr' id='par_1_5' title="bbox 0 0 1513 4706">
     <span class='ocr_line' id='line_1_39' title="bbox 0 0 1513 4706; baseline 0 0"><span class='ocrx_word' id='word_1_338' title='bbox 0 0 1513 4706; x_wconf 95' lang='lat' dir='ltr'><strong> </strong></span> 
     </span>
    </p>
   </div>
  </div>
 </body>
</html>
