2984 4706
219 365 344 474 {2222
455 388 548 454 tra.
576 386 683 453 xcv.
712 386 818 452 cae.
846 387 888 452 x.
916 387 979 452 xr.
1180 381 1244 451 281

193 533 274 578 rum
299 529 459 576 versura.
483 508 572 574 Cum
598 528 728 600 magno
752 527 897 575 assensu
920 501 1061 574 auditus
1083 516 1155 587 est,
1175 527 1251 572 non

193 617 306 712 magis
323 639 387 701 eo,
408 614 508 710 quod
528 613 768 684 multitudinis
788 637 919 683 noxam
942 612 1120 700 elevabat,
1141 635 1250 709 quam

195 725 295 822 quod
311 725 454 821 culpam
471 724 508 791 in
526 737 688 792 auctores
707 737 870 792 verterat.
887 726 1011 816 ltaque
1027 745 1138 818 quum
1159 720 1251 817 prin·

195 839 293 933 cipes
313 857 439 905 eorum
456 832 625 914 Romanis
649 829 931 927 responderent,
953 852 1179 925 nequaquam
1200 842 1252 898 ta·

196 968 280 1014 men
296 959 368 1014 tam
385 956 483 1038 grata
497 942 613 1012 oratio
630 937 859 1026 eorum-fuit,
880 940 962 1035 qui,
982 963 1062 1034 quae
1081 937 1253 1034 Popillius
1328 971 1333 990 ι

135 1044 139 1053 ’
196 1051 390 1146 objecerat,
404 1050 541 1120 diluere
552 1062 747 1145 utcumque
761 1049 878 1118 conati
889 1062 987 1134 sunt,
998 1072 1103 1143 quam
1114 1070 1254 1128 eorum,

197 1163 261 1258 qui
273 1161 487 1230 Decimioin
502 1155 708 1229 auctoribus
721 1156 765 1228 ad
778 1156 959 1254 piaculum
973 1181 1076 1226 noxae
1090 1156 1254 1250 objicien-

197 1270 252 1340 dis
271 1270 403 1340 assensi
426 1284 519 1339 sunt.
545 1273 737 1338 Decretum
757 1267 868 1363 igitur
888 1267 1091 1363 externplo,
1111 1280 1171 1352 ut,
1191 1266 1255 1361 qui

198 1403 265 1476 pro
283 1381 411 1448 Perseo
431 1381 601 1447 adversus
618 1380 797 1446 Romanos
811 1375 939 1446 dixisse
953 1371 1040 1470 quid
1056 1390 1116 1446 ant
1130 1373 1254 1446 fecisse

198 1488 508 1568 convincerentur,
529 1486 654 1582 capitis
666 1485 1004 1556 condemnarentur.
1019 1489 1256 1556 Excesserunt

199 1596 291 1668 urbe
304 1595 373 1670 sub
391 1591 573 1667 adventu⁵
587 1599 831 1664 Romanorum
846 1593 1014 1691 quidarn,
1031 1594 1087 1664 alii
1103 1609 1256 1664 mortem

199 1706 264 1776 sibi
292 1708 550 1778 consciverunt.
580 1707 721 1801 Legati,
748 1729 822 1775 non
848 1704 941 1775 ultra
963 1729 1073 1800 quam
1095 1705 1257 1799 quinque

200 1815 275 1886 dies
292 1815 411 1886 Rhodi
431 1815 578 1898 morati,
601 1812 850 1884 Alexandriam
874 1811 1161 1910 proficiscuntur.
1185 1817 1258 1884 Nec

200 1951 244 1996 eo
262 1927 404 2021 segnius
420 1924 553 2020 judicia
574 1949 617 1994 ex
637 1923 783 1994 decreto
807 1947 925 2002 coram
952 1923 1007 1992 his
1028 1920 1121 1994 facto
1142 1922 1259 1992 Rhodi

201 2032 482 2104 exercebantur:
511 2057 620 2129 quam
645 2034 944 2129 perseverantiam
970 2034 1008 2102 in
1030 2034 1261 2129 exsequenda

200 2167 239 2214 re
259 2144 408 2213 Decimii
426 2144 553 2214 lenitas
568 2146 593 2211 *.

249 2256 308 2322 ΧΙ.
330 2254 450 2339 Quum
470 2252 544 2321 haec
564 2266 785 2348 gererentur,
808 2253 1005 2324 Antiochus
1028 2253 1157 2324 frustra
1181 2268 1259 2322 ten·

201 2361 282 2432 tatis
311 2360 492 2432 moenibus
518 2360 764 2432 Alexandriae¹
797 2360 1035 2450 abscesserat3
1064 2379 1262 2458 caeteraque

205 2475 353 2567 AEgypto
376 2472 532 2568 potitus,
555 2470 682 2542 relicto
704 2471 865 2569 Memphi
889 2474 1025 2568 majore
1051 2473 1260 2556 Ptolemaeo,

202 2582 261 2652 eui
274 2604 424 2676 regnum
443 2581 553 2676 quaeri
568 2582 641 2652 suis
655 2580 792 2652 viribus
808 2582 1016 2669 simulabat,
1034 2599 1075 2653 ut
1089 2584 1259 2654 victorem

204 2713 286 2760 mox
307 2689 571 2786 aggrederetur,
588 2694 626 2760 in
646 2691 782 2784 Syriam
798 2692 992 2762 exercitum
1011 2690 1170 2762 abduxit.
1188 2696 1262 2761 Nec

203 2797 312 2892 hujus
333 2798 526 2869 voluntatis
552 2798 629 2893 ejus
650 2800 795 2894 ignarus
815 2799 1043 2885 Ptolemaeus,
1066 2800 1151 2870 dum
1173 2823 1262 2870 con-

203 2909 367 2978 territum
386 2905 583 2978 obsidionis
603 2922 702 2978 metu
725 2909 901 2979 minorem
925 2908 1070 2980 fratrem
1092 2907 1263 2994 haberet,

204 3040 309 3114 posse
331 3039 368 3085 se
390 3016 503 3112 recipi
523 3015 764 3102 Alexandriae,
787 3030 822 3086 et
844 3040 967 3087 sorore
992 3016 1206 3111 adjuvante,
1227 3031 1264 3086 et

205 3152 280 3197 non
299 3125 587 3223 repugnantibus
604 3124 723 3212 fratris
741 3127 880 3211 amicis,
902 3140 1020 3215 ratus;
1040 3129 1196 3224 primum
1219 3126 1263 3196 ad

206 3261 382 3326 sororem,
393 3234 523 3307 deinde
533 3235 577 3305 ad
589 3233 734 3306 fratrem
749 3235 953 3332 amicosque
968 3235 1062 3330 ejus,
1076 3260 1150 3305 non
1166 3236 1265 3331 prius

206 3413 271 3474 ipsos
289 3423 403 3472 excusat3
419 3414 529 3461 Gronov.
548 3414 627 3460 immo
644 3411 667 3459 si
683 3427 714 3458 ec
756 3427 781 3458 u.
795 3427 816 3457 ι.
829 3411 891 3458 Mox
901 3422 958 3474 post
971 3410 1075 3458 Decimii
1084 3411 1170 3460 lenitas
1182 3413 1263 3476 Sigon.

207 3505 272 3536 mens
278 3489 352 3554 μβ,
370 3493 423 3539 Jac.
440 3489 521 3540 Groui
533 3501 557 3538 et
569 3493 622 3539 Jac.
637 3490 713 3539 Perit.
758 3490 856 3555 supplet
868 3491 1004 3556 asserebat,
1017 3491 1116 3552 Donjit.
1131 3491 1264 3558 efficiebat,

207 3568 295 3631 probb.
305 3571 375 3618 Crev.
383 3579 408 3616 et
419 3569 494 3617 Dralr.
507 3595 539 3607 -
550 3570 714 3633 Nequaquam
758 3569 853 3618 Crever.
864 3571 926 3618 ultro
937 3569 1090 3617 accenderat.

207 3657 303 3701 tamen,
320 3655 366 3694 etc.
388 3647 531 3709 particulam
544 3658 640 3703 tamen,
659 3663 714 3710 quac
790 3648 851 3696 Car.
865 3650 911 3696 XI.
925 3665 948 3697 1.
962 3651 1062 3696 Frustm
1075 3649 1173 3696 tentatis
1182 3647 1264 3695 moeni-

205 3726 254 3784 jam
267 3723 358 3771 nullam
371 3724 419 3770 vim
432 3724 519 3782 habet,
532 3725 607 3773 immo
624 3727 714 3774 oratio·
757 3725 801 3773 bus
811 3729 843 3774 A.
854 3727 909 3774 vide
922 3727 954 3774 ad
967 3728 1004 3774 IX
1013 3763 1020 3788 ,
1030 3727 1075 3786 35,
1087 3743 1111 3774 u.
1128 3743 1150 3775 1.
1163 3754 1196 3763 -
1206 3730 1263 3781 Ma·

207 3803 245 3850 uis
264 3817 355 3848 nexum
379 3803 472 3859 turbat,
494 3803 595 3851 omuino
616 3803 713 3870 ejicien-
752 3805 810 3869 jore
816 3807 983 3853 Ptolemae...
996 3806 1111 3852 minorem
1115 3803 1259 3870 fratrem...

208 3879 264 3927 dam
279 3895 335 3926 cum
347 3881 464 3943 Docring.
478 3881 649 3930 existimamus.
668 3883 713 3928 Eu.
757 3899 839 3931 sorore
847 3884 975 3948 Cleopatra
990 3883 1136 3948 adjuvante,
1151 3895 1197 3931 etc.
1210 3885 1264 3932 vide

244 3958 268 4005 5.
285 3959 446 4004 Excesserunt
464 3960 522 4006 urbe
536 3959 580 4005 sub
594 3958 710 4016 adventu,
756 3962 787 4008 ad
797 3964 882 4020 xm,
896 3979 944 4024 29,
958 3978 983 4009 n.
999 3969 1023 4016 t.
1035 3965 1083 4008 Pro
1095 3962 1153 4008 dum
1167 3962 1266 4011 luberet

209 4047 255 4086 etc.
265 4037 568 4084 immocaeccsscrantnrbc
577 4039 620 4084 sub
629 4038 713 4084 adcen-
756 4039 802 4102 leg.
818 4055 892 4102 quum
907 4040 949 4096 lt,
966 4039 1005 4087 vel
1016 4040 1074 4087 dum
1088 4039 1175 4096 habu,-
1189 4042 1263 4090 Drak.

210 4114 346 4174 tu1n;ride
360 4114 470 4175 ad1,3⁵
477 4133 520 4176 ,ιι
537 4132 564 4177 r,
578 4126 600 4165 et
613 4119 651 4175 11,
665 4116 711 4174 5⁵,
757 4143 787 4154 -·
805 4118 935 4184 vulgatam
957 4119 1075 4186 Doering.
1099 4120 1219 4180 defendit,
1242 4132 1265 4168 et
