2982 4702
195 418 315 521 atat:
407 441 498 506 alu.
526 440 662 506 xciv.
693 439 795 506 cae.
817 440 879 508 vt
902 440 986 506 vn.
1166 435 1225 504 181

167 572 270 655 perta
283 555 474 628 difficultas
490 582 591 654 spem
604 581 749 628 omnem
765 557 955 630 incidisset.
972 563 1166 656 Supererat
1179 560 1233 628 ni-

167 667 219 737 hil
236 666 334 738 aliud
353 669 389 738 in
411 681 548 738 temere
567 668 779 753 commisso,
796 692 903 764 quam
925 669 962 738 in
981 666 1231 750 Macedoniam

169 776 213 848 ad
235 779 343 848 Dium
366 802 432 874 per
453 775 593 849 medios
613 777 764 848 evadere
786 777 928 866 hostes,
958 779 1077 875 qnod,
1096 779 1162 852 nisi
1185 777 1234 848 dii

168 901 329 959 mentem
349 888 424 985 regi
445 885 681 972 ademissent,
700 891 818 986 ipsum
842 890 998 986 ingentis
1017 887 1235 961 difficultatis

169 1013 255 1070 erat.
277 1001 370 1069 Nam
394 1022 509 1096 quum
534 998 680 1097 Olympi
704 997 841 1070 radices
867 1002 1001 1070 montis
1023 1001 1131 1099 paulo
1155 1001 1235 1099 plus

170 1133 280 1205 quam
298 1108 395 1180 mille
420 1105 616 1206 passuum8
642 1108 687 1179 ad
712 1133 819 1180 mare
832 1109 1040 1206 relinquant
1063 1113 1235 1207 spatium,

170 1219 272 1314 cujus
297 1217 488 1289 dimidium
514 1218 585 1290 loci
607 1234 761 1317 occupat
781 1221 914 1289 ostium
941 1218 1010 1289 late
1029 1235 1236 1318 restagnans

171 1327 325 1427 Baphyri
342 1330 494 1416 annisa,
513 1343 652 1426 partem
671 1327 828 1426 planitia
843 1343 905 1398 ant
923 1329 1019 1398 Jovis
1038 1329 1236 1427 templum,

171 1453 233 1509 aut
252 1438 429 1537 oppidum
449 1453 569 1526 tenet;
586 1438 767 1534 reliquum
788 1439 1023 1535 perexiguum
1045 1437 1139 1510 fossa
1159 1465 1221 1512 mo

171 1548 250 1620 dica
263 1548 430 1647 valloque
446 1560 474 1592 ¹⁰
489 1548 607 1620 claudi
619 1562 780 1647 poterat,
796 1563 832 1619 et
846 1573 1013 1620 saxorum
1030 1549 1073 1620 ad
1090 1575 1236 1622 manum

171 1658 413 1755 silvestrisque
434 1660 590 1730 materiae
613 1673 753 1740 tantum
778 1673 874 1746 erat,
895 1674 934 1729 ut
954 1659 1009 1730 vel
1032 1662 1237 1733 murusob-

169 1769 249 1864 jici,
265 1782 456 1865 turresque
471 1770 618 1841 excitari
630 1770 827 1866 potuerint.
843 1771 1008 1859 Quorum
1023 1770 1112 1841 nihil
1123 1797 1238 1868 quum

173 1878 384 1978 dispexisset
394 1896 520 1952 caecata
535 1904 637 1952 mens
656 1879 777 1960 subito
793 1894 949 1968 terrore,
969 1881 1113 1954 nudatis
1124 1886 1239 1954 omni-

172 1989 240 2060 hus
255 1989 434 2087 praesidiis·
445 1989 705 2088 patefactisque
723 1989 840 2077 bello,
856 1989 901 2061 ad
915 1989 1076 2094 Pydnam
1094 1991 1235 2091 refugit.

221 2103 298 2172 VII.
323 2100 477 2185 Consul,
496 2101 693 2198 plurimum
713 2116 750 2172 et
767 2100 919 2198 praesidii
938 2117 974 2172 et
995 2105 1071 2200 spei
1087 2129 1239 2178 cernens

172 2209 211 2278 in
222 2209 371 2282 stultitia
380 2224 415 2281 et
429 2212 576 2308 segnitie
591 2210 703 2282 hostis
713 2265 722 2297 ,
732 2214 883 2283 remisso
893 2209 1023 2284 nuntio
1038 2216 1082 2286 ad
1095 2219 1156 2313 Sp.
1168 2223 1237 2288 Lu-

174 2321 345 2390 cretium¹
364 2322 553 2408 Larissam,
568 2335 611 2392 ut
631 2320 794 2409 castella,
814 2321 936 2392 relicta
951 2322 996 2393 ab
1011 2322 1130 2413 hoste,
1146 2328 1238 2398 circa

174 2547 353 2609 etIX,3r,n.
364 2545 684 2608 7.—Oommisso,·videad
727 2547 790 2600 lund
808 2562 877 2610 aeqne
896 2545 1029 2611 elliptieum
1049 2549 1094 2608 sit,
1113 2561 1137 2600 et
1157 2552 1239 2602 Livius

174 2628 242 2687 VIII,
257 2626 480 2688 a5‚n.a.—Qnod,
488 2625 536 2676 nisi
541 2626 578 2674 dii
582 2639 685 2674 mentem
729 2626 792 2674 hano
811 2625 953 2690 elegantiam
966 2642 1018 2674 non
1034 2629 1124 2692 ubique
1142 2643 1239 2696 captet,

175 2705 227 2771 regi
243 2705 399 2763 ademissent,
417 2706 494 2769 psam
511 2705 623 2770 ingentis,
637 2717 685 2755 etc.
726 2695 776 2767 jn'n
791 2707 886 2754 monuit
899 2704 974 2753 Drak.

175 2785 283 2833 Doctiss.
294 2782 377 2832 Biittn.
389 2783 460 2832 Obse.
471 2799 528 2849 pag.
541 2785 597 2844 105,
608 2784 686 2848 legen·
765 2800 791 2848 9.
803 2784 912 2849 Baphyri
922 2785 1019 2842 amnis,
1034 2787 1075 2848 qni
1087 2787 1162 2835 Dium
1177 2806 1239 2853 prae·

176 2862 234 2911 dum
257 2873 338 2912 censet
359 2863 523 2919 ademissent,
549 2875 574 2910 et
592 2864 683 2928 ipsum,
729 2865 862 2913 terlabitur.
880 2862 985 2932 Bripupoe
1009 2863 1098 2914 dlcitur
1114 2869 1238 2932 Lycophr.

176 2954 224 2992 etc.
244 2943 327 2992 Talem
345 2943 537 3005 correctionem,
559 2945 611 3000 ait,
633 2944 684 2991 evi·
728 2944 756 2990 in
771 2944 840 2991 Cass.
860 2951 925 3003 am
937 2942 1051 3012 Βαφύρας
1067 2945 1168 2995 Pausan.
1186 2949 1238 3000 tx,

7 3003 10 3028 ζ
107 3019 110 3024 ’
176 3023 314 3072 (lentissime
332 3023 424 3086 flagitat
442 3021 616 3071 sententiarum
631 3023 684 3070 haec
730 3024 776 3080 30,
791 3033 816 3069 et
825 3021 982 3079 Athenvll,
999 3037 1048 3078 aa,
1064 3031 1090 3087 p.
1102 3023 1152 3070 326
1169 3024 1241 3088 (vlt,

176 3103 299 3152 connexio
318 3100 546 3166 :ulnexsuperahili
563 3118 607 3165 per
617 3103 686 3148 Tem·
732 3101 792 3157 130,
801 3101 841 3149 ed.
852 3100 1008 3164 Schweigh.).
1021 3101 1106 3162 Balyri
1118 3103 1239 3154 addente

177 3201 208 3247 pe
217 3183 316 3246 itinere,
328 3199 378 3230 non
391 3181 472 3239 aliud,
483 3197 555 3244 qnam
563 3181 590 3227 in
604 3183 686 3228 Mace·
729 3177 803 3226 Frob.
816 3194 838 3225 a.
853 3179 931 3225 1535.
946 3179 994 3226 Sed
1003 3180 1112 3250 Βαλύρας
1124 3194 1159 3229 eet
1171 3184 1240 3231 Pelo-

178 3260 276 3310 doniam
284 3261 316 3310 ad
325 3264 399 3309 Dium
407 3299 415 3324 ‚
423 3261 523 3324 patebat
531 3260 577 3307 iter
587 3274 593 3307 ε
607 3259 650 3307 sed
660 3259 687 3306 id
730 3258 834 3322 ponnesi
849 3257 873 3306 fl.
888 3258 955 3320 apud
964 3259 1064 3306 Pansan.
1076 3262 1120 3318 tv,
1135 3263 1166 3311 33
1175 3261 1207 3330 ,5
1216 3271 1242 3319 4,

177 3342 257 3406 ipsum
274 3336 370 3406 quoqne
388 3339 558 3390 difficillimum
578 3341 686 3388 futurum
730 3336 805 3386 Drak.
816 3363 851 3372 -
862 3335 976 3387 Planitioe
986 3337 1042 3386 edd.
1056 3349 1117 3388 antt.
1131 3341 1172 3389 cui
1183 3343 1240 3404 pla·

178 3433 243 3481 erat,
257 3421 305 3470 nisi
321 3421 384 3485 regis
398 3431 503 3468 mentem
515 3420 549 3467 dii
564 3405 686 3468 olrcaecas·
730 3415 790 3464 nitie
799 3415 955 3464 substitutum
964 3419 1075 3474 Francos.
1088 3435 1109 3469 a.
1125 3420 1155 3467 15
1158 3423 1205 3480 78,
1216 3432 1241 3469 et

178 3512 262 3549 sent».
280 3503 316 3548 Eo
334 3497 451 3548 libentius
470 3501 522 3548 haee
537 3498 686 3549 admittenda
726 3496 843 3561 planitiei
850 3513 863 3542 a
874 3496 970 3547 Medio.
987 3497 1109 3554 Planicia,
1124 3510 1151 3547 ut
1164 3501 1242 3566 segni·

178 3579 341 3642 lectio,quod
350 3579 686 3643 conjunctionem‘etpostre·
733 3575 768 3622 tia
779 3586 804 3623 et
816 3575 848 3625 al.
864 3571 939 3623 Conf.
955 3573 1029 3622 Drak.

179 3675 218 3706 ma
230 3657 323 3723 syllaba
334 3657 493 3722 praecedentis
508 3659 575 3706 voois
589 3657 686 3705 haurire
770 3671 808 3708 ιο.
826 3657 901 3708 Fossa
915 3654 1012 3702 modica
1025 3655 1163 3718 valloque,
1179 3660 1247 3708 forte.

180 3738 260 3802 potuit
281 3737 406 3795 facillime,
425 3743 461 3806 τῷ
482 3736 628 3786 ademissent
643 3752 687 3800 per
731 3734 842 3788 vallone,
857 3744 880 3788 et
891 3749 950 3784 mox
963 3744 1073 3780 tnrrcsve.
1086 3760 1120 3769 —
1134 3737 1241 3785 Nndatis

156 3851 158 3858 ι
180 3815 353 3880 compendium
365 3815 458 3880 scripto
469 3807 603 3864 ademisset.
613 3805 659 3861 En.v
732 3811 844 3870 omnibns¹
848 3810 971 3875 praesidiis
978 3846 986 3868 ,
1000 3811 1026 3858 h.
1040 3829 1063 3858 e.
1077 3814 1190 3862 omnibus
1204 3817 1240 3865 lo-

218 3897 241 3942 8·.
254 3894 333 3941 Panlo
343 3894 417 3957 plns,
437 3891 489 3940 scil.
508 3893 592 3957 spatii,
613 3909 688 3956 qnam
732 3893 767 3939 cis
782 3891 886 3940 militum
901 3890 1015 3954 prasidio
1029 3892 1180 3944 vacuefactis.
1195 3898 1242 3946 En.

181 3973 245 4021 mille
259 3989 377 4036 passuum
395 3971 500 4036 spatium
507 4005 515 4027 ,
539 3971 601 4018 bene
624 3970 692 4032 dici,
733 3999 767 4006 -
792 3969 836 4017 Ad
856 3971 967 4033 Pydnam
985 3970 1088 4034 refugit,
1114 3972 1177 4024 forte
1198 3995 1243 4024 rex

182 4069 226 4100 nec
238 4067 301 4117 opus
312 4068 362 4099 esse
377 4067 433 4098 cum
449 4052 524 4098 Gron.
538 4049 585 4113 legi
598 4049 673 4112 spatii
680 4085 686 4104 ‚
726 4049 802 4114 sagit.

182 4131 330 4194 velinsnper
341 4130 457 4177 euadente
470 4129 570 4176 Heinsio
585 4129 616 4174 ad
626 4129 689 4178 Vell.
769 4129 897 4176 Car.VII.
923 4141 942 4173 r.
964 4128 1069 4175 Remissa
1095 4133 1178 4180 naratio
1210 4134 1245 4181 nil

183 4213 223 4270 Il,
239 4227 301 4266 110,
321 4227 344 4258 n.
361 4227 388 4270 r,
407 4209 481 4258 deleri
494 4209 519 4260 τὸ
532 4226 620 4273 qnam,
634 4209 690 4272 qnia
735 4207 845 4272 Spurium
856 4206 1009 4264 Lucretium
1021 4209 1083 4256 forte
1096 4207 1143 4274 leg.
1156 4213 1243 4270 misso,
