2970 4712
241 364 308 459 374
661 366 698 431 a.
728 363 867 434 n1v11

237 490 364 557 Crasso
391 485 641 578 devictorum)
668 511 711 556 eo
738 486 862 584 praelio
888 484 1075 557 interfecta
1104 510 1189 556 cum
1217 487 1299 583 ipsis

238 593 389 665 ducibus
413 592 543 692 [Casto
562 609 598 665 ot
617 596 780 666 Gannico
799 596 858 667 vel
875 598 1030 666 Granico
1042 593 1074 692 ]‚
1093 598 1214 666 Livius
1231 611 1299 665 tra·

237 702 309 790 dit,
328 719 489 801 receptas
506 706 668 801 quinque
686 709 932 776 Romanorum
951 706 1109 804 aquilas,
1126 708 1225 803 signa
1241 731 1298 776 sex

239 831 275 885 et
300 816 444 910 viginti,
473 815 585 887 multa
609 816 743 912 spolia,
772 818 866 887 inter
896 842 975 912 quae
1004 817 1165 914 quinque
1193 814 1299 886 fasces

238 951 319 996 cum
340 924 534 1018 securibus.

293 1069 401 1117 Frontin.
417 1069 488 1116 Stiat.
500 1071 538 1127 11,
553 1070 579 1127 5,
593 1069 634 1126 34.
644 1096 680 1104 -
690 1070 763 1128 Cous,
775 1069 807 1116 ad
819 1069 884 1133 Epis.
897 1070 950 1122 Lis,

559 1272 627 1340 AD
659 1273 755 1338 LIB.
789 1271 979 1342 XCVIII.

286 1481 404 1550 Livius
418 1477 524 1566 dicit,
539 1503 726 1575 nunquam
741 1484 922 1550 Romanos
936 1479 1035 1576 sigua
1044 1503 1124 1555 cum
1136 1476 1301 1548 hostibus

219 1681 221 1684 Ι
238 1589 431 1661 contulisse
445 1603 546 1660 tanto
559 1614 712 1661 numero
723 1587 925 1660 inferiores:
936 1613 1018 1659 nam
1028 1589 1302 1686 vigesimamvix

239 1698 391 1770 militum
412 1715 570 1797 partem,
590 1701 701 1769 immo
719 1700 916 1785 minorem,
934 1697 1043 1770 luisse
1061 1697 1268 1770 victoribus.

292 1838 359 1887 Plut.
373 1839 400 1886 in
415 1839 533 1898 Lucullo,
554 1854 613 1903 pag.
626 1839 686 1896 511,
705 1839 749 1886 ubi
767 1849 913 1886 memoratur
928 1838 1039 1902 praelium
1054 1838 1118 1884 iuter
1135 1839 1264 1887 Lucullum
1277 1850 1300 1887 et

239 1924 368 1986 TIgranem
379 1924 411 1970 ad
419 1923 599 1987 Tigranocerta.
610 1951 644 1960 —
656 1923 729 1974 Cous.
738 1923 804 1987 Epit.
816 1933 840 1970 et
852 1921 961 1971 nminat.
977 1921 1063 1985 Suppl.
1072 1921 1194 1980 XCVIII,
1207 1929 1249 1984 49.

287 2045 405 2116 Livius
425 2061 552 2116 auctor
570 2057 639 2130 est,
660 2047 781 2142 priore
801 2045 922 2143 praelio
941 2044 1011 2143 [ad
1030 2043 1301 2142 Tigranocerta]

239 2152 362 2250 plures
376 2151 501 2241 fuisse,
515 2157 551 2224 in
565 2154 637 2226 hoc
653 2153 720 2252 [ad
735 2153 920 2252 Artaxata]
933 2154 1130 2226 nobiliores
1144 2155 1302 2227 hostium

240 2288 348 2334 caesos
367 2279 403 2335 et
419 2279 551 2362 captos.

294 2404 359 2452 Plut.
374 2404 390 2453 l.
404 2404 420 2452 l.
434 2420 460 2469 p.
474 2404 535 2485 ⁵¹3·
549 2431 580 2441 -
593 2404 665 2452 Coul.
679 2406 743 2470 Epit.
754 2415 778 2452 et
787 2403 896 2452 Freinsh.
906 2405 1055 2471 Supchap.
1067 2405 1108 2464 53.

585 2623 655 2690 ΑΙ)
685 2623 780 2691 LIB.
814 2621 957 2689 XCIX.

290 2831 396 2896 Creta
413 2827 532 2922 primo
549 2822 697 2920 quidem
711 2839 856 2894 centum
870 2822 999 2894 habuit
1010 2823 1189 2908 civitates3
1207 2821 1306 2893 unde

239 2933 506 3031 Hecatompolis
529 2932 623 3006 dicta
644 2947 719 3004 est:
741 2948 824 3030 post
846 2934 972 3031 viginti
994 2947 1176 3028 quatuor3
1198 2933 1305 3020 inde,

240 3062 282 3119 ut
299 3038 450 3131 (licitur,
475 3043 582 3129 duas,
605 3047 756 3114 Gnoson
782 3059 819 3114 et
842 3043 1108 3141 Hierapidnam.
1132 3044 1306 3134 Quamvis

241 3156 362 3226 Livius
380 3154 501 3252 plures
518 3178 538 3225 a
556 3153 702 3225 Metello
719 3168 938 3251 expugnatas
957 3153 1061 3226 dicat.

295 3295 362 3342 Serv.
376 3293 407 3341 sd
417 3292 485 3356 Virg.
500 3295 554 3342 AEu.
568 3295 618 3356 111,
633 3294 692 3341 106,
703 3319 737 3329 —
750 3293 823 3342 conf.
833 3294 898 3356 Epis.

590 3477 684 3546 'AD
717 3479 813 3544 LIB.
848 3477 932 3544 CII.

291 3666 399 3759 Quod
419 3690 532 3764 quum
552 3665 722 3738 diluisset.

295 3805 440 3869 Agroetius,
456 3806 486 3852 de
498 3805 613 3869 Orthogr.
628 3805 654 3851 in
668 3804 775 3853 Putsohii
789 3805 864 3868 Corp.
878 3807 985 3854 Grumm.
994 3822 1019 3871 p.
1033 3805 1110 3867 2267,
1120 3816 1144 3853 at
1157 3805 1308 3855 Gothofred.

243 3889 316 3936 Aust.
335 3887 407 3951 Ling.
426 3891 477 3938 Lat.
493 3905 548 3952 pag.
570 3889 650 3946 1352,
671 3889 713 3951 qui
730 3889 824 3936 Livium
844 3888 875 3938 de
895 3901 973 3938 morte
995 3888 1146 3937 Mithridatis
1166 3888 1191 3936 id
1216 3889 1309 3937 dixisse
1383 3915 1387 3924 ·

243 3971 349 4020 tradunt.

256 4167 258 4176 Ι
291 4081 432 4178 Etenim
444 4095 546 4177 capta
556 4079 1024 4184 urbefflierosolymaassu.
1037 4078 1310 4180 Pompeio)ter-
